Case ID,Activity,Timestamp,org:resource,lifecycle:transition,case:OrganizationalEntity,case:ProjectNumber,case:TaskNumber,case:dec_id_0,case:ActivityNumber,case:TotalDeclared,case:RequestedAmount_0,case:Overspent,case:travel permit number,case:DeclarationNumber_0,case:id,case:RequestedBudget,case:BudgetNumber,case:OverspentAmount,id,org:role,case:RfpNumber_0,case:OrganizationalEntity_0,case:Rfp_id_0,case:Cost Type_0,case:dec_id_1,case:Activity_0,case:Task_0,case:Project_0,case:DeclarationNumber_1,case:RequestedAmount_1,case:Activity_1,case:dec_id_2,case:RfpNumber_1,case:OrganizationalEntity_1,case:Cost Type_1,case:Task_1,case:Rfp_id_1,case:Project_1,case:DeclarationNumber_2,case:RequestedAmount_2,case:Activity_2,case:Cost Type_2,case:RfpNumber_2,case:OrganizationalEntity_2,case:Project_2,case:Rfp_id_2,case:Task_2,case:dec_id_3,case:RequestedAmount_3,case:DeclarationNumber_3,case:dec_id_4,case:Activity_3,case:Cost Type_3,case:RfpNumber_3,case:OrganizationalEntity_3,case:Project_3,case:Rfp_id_3,case:DeclarationNumber_4,case:RequestedAmount_4,case:Task_3,case:dec_id_5,case:DeclarationNumber_5,case:RequestedAmount_5
travel permit 76455,START,2016-10-04 23:59:59.999000+02:00,artificial,complete,organizational unit 65458,UNKNOWN,UNKNOWN,declaration 76457,activity 46005,39.66456144659199,56,False,travel permit number 76456,declaration number 76458,travel permit 76455,41.613444658859,budget 922,0.0,,,,,,,,,,,,,,,,,,,,,,,,,,,,,,,,,,,,,,,,,,,,,
travel permit 76455,Start trip,2016-10-04 23:59:59.999000+02:00,STAFF MEMBER,,organizational unit 65458,UNKNOWN,UNKNOWN,declaration 76457,activity 46005,39.66456144659199,56,False,travel permit number 76456,declaration number 76458,travel permit 76455,41.613444658859,budget 922,0.0,rv_travel permit 76455_6,EMPLOYEE,,,,,,,,,,,,,,,,,,,,,,,,,,,,,,,,,,,,,,,,,,,
travel permit 76455,End trip,2016-10-05 00:00:00+02:00,STAFF MEMBER,,organizational unit 65458,UNKNOWN,UNKNOWN,declaration 76457,activity 46005,39.66456144659199,56,False,travel permit number 76456,declaration number 76458,travel permit 76455,41.613444658859,budget 922,0.0,rv_travel permit 76455_7,EMPLOYEE,,,,,,,,,,,,,,,,,,,,,,,,,,,,,,,,,,,,,,,,,,,
travel permit 76455,Permit SUBMITTED by EMPLOYEE,2017-04-06 13:32:10+02:00,STAFF MEMBER,,organizational unit 65458,UNKNOWN,UNKNOWN,declaration 76457,activity 46005,39.66456144659199,56,False,travel permit number 76456,declaration number 76458,travel permit 76455,41.613444658859,budget 922,0.0,st_step 76459_0,EMPLOYEE,,,,,,,,,,,,,,,,,,,,,,,,,,,,,,,,,,,,,,,,,,,
travel permit 76455,Permit FINAL_APPROVED by SUPERVISOR,2017-04-06 13:32:28+02:00,STAFF MEMBER,,organizational unit 65458,UNKNOWN,UNKNOWN,declaration 76457,activity 46005,39.66456144659199,56,False,travel permit number 76456,declaration number 76458,travel permit 76455,41.613444658859,budget 922,0.0,st_step 76460_0,SUPERVISOR,,,,,,,,,,,,,,,,,,,,,,,,,,,,,,,,,,,,,,,,,,,
travel permit 76455,Declaration SUBMITTED by EMPLOYEE,2017-04-07 13:38:14+02:00,STAFF MEMBER,,organizational unit 65458,UNKNOWN,UNKNOWN,declaration 76457,activity 46005,39.66456144659199,56,False,travel permit number 76456,declaration number 76458,travel permit 76455,41.613444658859,budget 922,0.0,st_step 76461_0,EMPLOYEE,,,,,,,,,,,,,,,,,,,,,,,,,,,,,,,,,,,,,,,,,,,
travel permit 76455,Declaration FINAL_APPROVED by SUPERVISOR,2017-04-07 13:40:17+02:00,STAFF MEMBER,,organizational unit 65458,UNKNOWN,UNKNOWN,declaration 76457,activity 46005,39.66456144659199,56,False,travel permit number 76456,declaration number 76458,travel permit 76455,41.613444658859,budget 922,0.0,st_step 76462_0,SUPERVISOR,,,,,,,,,,,,,,,,,,,,,,,,,,,,,,,,,,,,,,,,,,,
travel permit 76455,Request Payment,2017-04-11 15:03:43+02:00,SYSTEM,,organizational unit 65458,UNKNOWN,UNKNOWN,declaration 76457,activity 46005,39.66456144659199,56,False,travel permit number 76456,declaration number 76458,travel permit 76455,41.613444658859,budget 922,0.0,fd_declaration 76457_17,UNDEFINED,,,,,,,,,,,,,,,,,,,,,,,,,,,,,,,,,,,,,,,,,,,
travel permit 76455,Payment Handled,2017-04-13 17:30:53+02:00,SYSTEM,,organizational unit 65458,UNKNOWN,UNKNOWN,declaration 76457,activity 46005,39.66456144659199,56,False,travel permit number 76456,declaration number 76458,travel permit 76455,41.613444658859,budget 922,0.0,fd_declaration 76457_18,UNDEFINED,,,,,,,,,,,,,,,,,,,,,,,,,,,,,,,,,,,,,,,,,,,
travel permit 76455,END,2017-04-13 17:30:53.001000+02:00,artificial,complete,organizational unit 65458,UNKNOWN,UNKNOWN,declaration 76457,activity 46005,39.66456144659199,56,False,travel permit number 76456,declaration number 76458,travel permit 76455,41.613444658859,budget 922,0.0,,,,,,,,,,,,,,,,,,,,,,,,,,,,,,,,,,,,,,,,,,,,,
travel permit 74904,START,2017-03-28 16:58:53.999000+02:00,artificial,complete,organizational unit 65455,UNKNOWN,UNKNOWN,,activity 7366,1287.388398595626,1019.8931720860498,False,travel permit number 74905,,travel permit 74904,1098.3464930157459,budget 6198,-264.3794899958382,,,request for payment number 74907,organizational unit 65463,request for payment 74906,0.0,declaration 74908,UNKNOWN,UNKNOWN,project 503,declaration number 74909,181,,,,,,,,,,,,,,,,,,,,,,,,,,,,,,,,,
travel permit 74904,Permit SUBMITTED by EMPLOYEE,2017-03-28 16:58:53.999000+02:00,STAFF MEMBER,,organizational unit 65455,UNKNOWN,UNKNOWN,,activity 7366,1287.388398595626,1019.8931720860498,False,travel permit number 74905,,travel permit 74904,1098.3464930157459,budget 6198,-264.3794899958382,st_step 74911_0,EMPLOYEE,request for payment number 74907,organizational unit 65463,request for payment 74906,0.0,declaration 74908,UNKNOWN,UNKNOWN,project 503,declaration number 74909,181,,,,,,,,,,,,,,,,,,,,,,,,,,,,,,,,,
travel permit 74904,Permit APPROVED by PRE_APPROVER,2017-03-28 16:58:58+02:00,STAFF MEMBER,,organizational unit 65455,UNKNOWN,UNKNOWN,,activity 7366,1287.388398595626,1019.8931720860498,False,travel permit number 74905,,travel permit 74904,1098.3464930157459,budget 6198,-264.3794899958382,st_step 74912_0,PRE_APPROVER,request for payment number 74907,organizational unit 65463,request for payment 74906,0.0,declaration 74908,UNKNOWN,UNKNOWN,project 503,declaration number 74909,181,,,,,,,,,,,,,,,,,,,,,,,,,,,,,,,,,
travel permit 74904,Permit FINAL_APPROVED by SUPERVISOR,2017-03-28 17:08:43+02:00,STAFF MEMBER,,organizational unit 65455,UNKNOWN,UNKNOWN,,activity 7366,1287.388398595626,1019.8931720860498,False,travel permit number 74905,,travel permit 74904,1098.3464930157459,budget 6198,-264.3794899958382,st_step 74910_0,SUPERVISOR,request for payment number 74907,organizational unit 65463,request for payment 74906,0.0,declaration 74908,UNKNOWN,UNKNOWN,project 503,declaration number 74909,181,,,,,,,,,,,,,,,,,,,,,,,,,,,,,,,,,
travel permit 74904,Request For Payment SUBMITTED by EMPLOYEE,2017-05-26 15:30:14+02:00,STAFF MEMBER,,organizational unit 65455,UNKNOWN,UNKNOWN,,activity 7366,1287.388398595626,1019.8931720860498,False,travel permit number 74905,,travel permit 74904,1098.3464930157459,budget 6198,-264.3794899958382,st_step 74913_0,EMPLOYEE,request for payment number 74907,organizational unit 65463,request for payment 74906,0.0,declaration 74908,UNKNOWN,UNKNOWN,project 503,declaration number 74909,181,,,,,,,,,,,,,,,,,,,,,,,,,,,,,,,,,
travel permit 74904,Request For Payment APPROVED by PRE_APPROVER,2017-05-26 15:30:23+02:00,STAFF MEMBER,,organizational unit 65455,UNKNOWN,UNKNOWN,,activity 7366,1287.388398595626,1019.8931720860498,False,travel permit number 74905,,travel permit 74904,1098.3464930157459,budget 6198,-264.3794899958382,st_step 74915_0,PRE_APPROVER,request for payment number 74907,organizational unit 65463,request for payment 74906,0.0,declaration 74908,UNKNOWN,UNKNOWN,project 503,declaration number 74909,181,,,,,,,,,,,,,,,,,,,,,,,,,,,,,,,,,
travel permit 74904,Request For Payment FINAL_APPROVED by SUPERVISOR,2017-06-01 14:15:42+02:00,STAFF MEMBER,,organizational unit 65455,UNKNOWN,UNKNOWN,,activity 7366,1287.388398595626,1019.8931720860498,False,travel permit number 74905,,travel permit 74904,1098.3464930157459,budget 6198,-264.3794899958382,st_step 74914_0,SUPERVISOR,request for payment number 74907,organizational unit 65463,request for payment 74906,0.0,declaration 74908,UNKNOWN,UNKNOWN,project 503,declaration number 74909,181,,,,,,,,,,,,,,,,,,,,,,,,,,,,,,,,,
travel permit 74904,Request Payment,2017-06-01 16:37:27+02:00,SYSTEM,,organizational unit 65455,UNKNOWN,UNKNOWN,,activity 7366,1287.388398595626,1019.8931720860498,False,travel permit number 74905,,travel permit 74904,1098.3464930157459,budget 6198,-264.3794899958382,rp_request for payment 74906_15,UNDEFINED,request for payment number 74907,organizational unit 65463,request for payment 74906,0.0,declaration 74908,UNKNOWN,UNKNOWN,project 503,declaration number 74909,181,,,,,,,,,,,,,,,,,,,,,,,,,,,,,,,,,
travel permit 74904,Payment Handled,2017-06-08 17:30:58+02:00,SYSTEM,,organizational unit 65455,UNKNOWN,UNKNOWN,,activity 7366,1287.388398595626,1019.8931720860498,False,travel permit number 74905,,travel permit 74904,1098.3464930157459,budget 6198,-264.3794899958382,rp_request for payment 74906_16,UNDEFINED,request for payment number 74907,organizational unit 65463,request for payment 74906,0.0,declaration 74908,UNKNOWN,UNKNOWN,project 503,declaration number 74909,181,,,,,,,,,,,,,,,,,,,,,,,,,,,,,,,,,
travel permit 74904,Start trip,2017-09-03 00:00:00+02:00,STAFF MEMBER,,organizational unit 65455,UNKNOWN,UNKNOWN,,activity 7366,1287.388398595626,1019.8931720860498,False,travel permit number 74905,,travel permit 74904,1098.3464930157459,budget 6198,-264.3794899958382,rv_travel permit 74904_6,EMPLOYEE,request for payment number 74907,organizational unit 65463,request for payment 74906,0.0,declaration 74908,UNKNOWN,UNKNOWN,project 503,declaration number 74909,181,,,,,,,,,,,,,,,,,,,,,,,,,,,,,,,,,
travel permit 74904,End trip,2017-09-07 00:00:00+02:00,STAFF MEMBER,,organizational unit 65455,UNKNOWN,UNKNOWN,,activity 7366,1287.388398595626,1019.8931720860498,False,travel permit number 74905,,travel permit 74904,1098.3464930157459,budget 6198,-264.3794899958382,rv_travel permit 74904_7,EMPLOYEE,request for payment number 74907,organizational unit 65463,request for payment 74906,0.0,declaration 74908,UNKNOWN,UNKNOWN,project 503,declaration number 74909,181,,,,,,,,,,,,,,,,,,,,,,,,,,,,,,,,,
travel permit 74904,Declaration SUBMITTED by EMPLOYEE,2017-09-07 11:42:36+02:00,STAFF MEMBER,,organizational unit 65455,UNKNOWN,UNKNOWN,,activity 7366,1287.388398595626,1019.8931720860498,False,travel permit number 74905,,travel permit 74904,1098.3464930157459,budget 6198,-264.3794899958382,st_step 74920_0,EMPLOYEE,request for payment number 74907,organizational unit 65463,request for payment 74906,0.0,declaration 74908,UNKNOWN,UNKNOWN,project 503,declaration number 74909,181,,,,,,,,,,,,,,,,,,,,,,,,,,,,,,,,,
travel permit 74904,Declaration APPROVED by PRE_APPROVER,2017-09-07 11:42:46+02:00,STAFF MEMBER,,organizational unit 65455,UNKNOWN,UNKNOWN,,activity 7366,1287.388398595626,1019.8931720860498,False,travel permit number 74905,,travel permit 74904,1098.3464930157459,budget 6198,-264.3794899958382,st_step 74921_0,PRE_APPROVER,request for payment number 74907,organizational unit 65463,request for payment 74906,0.0,declaration 74908,UNKNOWN,UNKNOWN,project 503,declaration number 74909,181,,,,,,,,,,,,,,,,,,,,,,,,,,,,,,,,,
travel permit 74904,Declaration FINAL_APPROVED by SUPERVISOR,2017-09-07 14:43:19+02:00,STAFF MEMBER,,organizational unit 65455,UNKNOWN,UNKNOWN,,activity 7366,1287.388398595626,1019.8931720860498,False,travel permit number 74905,,travel permit 74904,1098.3464930157459,budget 6198,-264.3794899958382,st_step 74922_0,SUPERVISOR,request for payment number 74907,organizational unit 65463,request for payment 74906,0.0,declaration 74908,UNKNOWN,UNKNOWN,project 503,declaration number 74909,181,,,,,,,,,,,,,,,,,,,,,,,,,,,,,,,,,
travel permit 74904,Declaration REJECTED by MISSING,2017-09-11 14:36:48+02:00,STAFF MEMBER,,organizational unit 65455,UNKNOWN,UNKNOWN,,activity 7366,1287.388398595626,1019.8931720860498,False,travel permit number 74905,,travel permit 74904,1098.3464930157459,budget 6198,-264.3794899958382,st_step 74919_0,MISSING,request for payment number 74907,organizational unit 65463,request for payment 74906,0.0,declaration 74908,UNKNOWN,UNKNOWN,project 503,declaration number 74909,181,,,,,,,,,,,,,,,,,,,,,,,,,,,,,,,,,
travel permit 74904,Declaration SUBMITTED by EMPLOYEE,2017-09-18 08:23:52+02:00,STAFF MEMBER,,organizational unit 65455,UNKNOWN,UNKNOWN,,activity 7366,1287.388398595626,1019.8931720860498,False,travel permit number 74905,,travel permit 74904,1098.3464930157459,budget 6198,-264.3794899958382,st_step 74918_0,EMPLOYEE,request for payment number 74907,organizational unit 65463,request for payment 74906,0.0,declaration 74908,UNKNOWN,UNKNOWN,project 503,declaration number 74909,181,,,,,,,,,,,,,,,,,,,,,,,,,,,,,,,,,
travel permit 74904,Declaration APPROVED by PRE_APPROVER,2017-09-18 08:23:56+02:00,STAFF MEMBER,,organizational unit 65455,UNKNOWN,UNKNOWN,,activity 7366,1287.388398595626,1019.8931720860498,False,travel permit number 74905,,travel permit 74904,1098.3464930157459,budget 6198,-264.3794899958382,st_step 74917_0,PRE_APPROVER,request for payment number 74907,organizational unit 65463,request for payment 74906,0.0,declaration 74908,UNKNOWN,UNKNOWN,project 503,declaration number 74909,181,,,,,,,,,,,,,,,,,,,,,,,,,,,,,,,,,
travel permit 74904,Declaration FINAL_APPROVED by SUPERVISOR,2017-09-19 14:26:26+02:00,STAFF MEMBER,,organizational unit 65455,UNKNOWN,UNKNOWN,,activity 7366,1287.388398595626,1019.8931720860498,False,travel permit number 74905,,travel permit 74904,1098.3464930157459,budget 6198,-264.3794899958382,st_step 74916_0,SUPERVISOR,request for payment number 74907,organizational unit 65463,request for payment 74906,0.0,declaration 74908,UNKNOWN,UNKNOWN,project 503,declaration number 74909,181,,,,,,,,,,,,,,,,,,,,,,,,,,,,,,,,,
travel permit 74904,Request Payment,2017-09-19 17:10:24+02:00,SYSTEM,,organizational unit 65455,UNKNOWN,UNKNOWN,,activity 7366,1287.388398595626,1019.8931720860498,False,travel permit number 74905,,travel permit 74904,1098.3464930157459,budget 6198,-264.3794899958382,fd_declaration 74908_17,UNDEFINED,request for payment number 74907,organizational unit 65463,request for payment 74906,0.0,declaration 74908,UNKNOWN,UNKNOWN,project 503,declaration number 74909,181,,,,,,,,,,,,,,,,,,,,,,,,,,,,,,,,,
travel permit 74904,Payment Handled,2017-09-21 17:31:09+02:00,SYSTEM,,organizational unit 65455,UNKNOWN,UNKNOWN,,activity 7366,1287.388398595626,1019.8931720860498,False,travel permit number 74905,,travel permit 74904,1098.3464930157459,budget 6198,-264.3794899958382,fd_declaration 74908_18,UNDEFINED,request for payment number 74907,organizational unit 65463,request for payment 74906,0.0,declaration 74908,UNKNOWN,UNKNOWN,project 503,declaration number 74909,181,,,,,,,,,,,,,,,,,,,,,,,,,,,,,,,,,
travel permit 74904,END,2017-09-21 17:31:09.001000+02:00,artificial,complete,organizational unit 65455,UNKNOWN,UNKNOWN,,activity 7366,1287.388398595626,1019.8931720860498,False,travel permit number 74905,,travel permit 74904,1098.3464930157459,budget 6198,-264.3794899958382,,,request for payment number 74907,organizational unit 65463,request for payment 74906,0.0,declaration 74908,UNKNOWN,UNKNOWN,project 503,declaration number 74909,181,,,,,,,,,,,,,,,,,,,,,,,,,,,,,,,,,
travel permit 75590,START,2017-03-28 23:59:59.999000+02:00,artificial,complete,organizational unit 65455,project 2872,task 427,declaration 75592,UNKNOWN,350.1327705011209,322,True,travel permit number 75591,declaration number 75593,travel permit 75590,217.09087377574525,budget 2233,23.92211475473499,,,,,,,,,,,,,,,,,,,,,,,,,,,,,,,,,,,,,,,,,,,,,
travel permit 75590,Start trip,2017-03-28 23:59:59.999000+02:00,STAFF MEMBER,,organizational unit 65455,project 2872,task 427,declaration 75592,UNKNOWN,350.1327705011209,322,True,travel permit number 75591,declaration number 75593,travel permit 75590,217.09087377574525,budget 2233,23.92211475473499,rv_travel permit 75590_6,EMPLOYEE,,,,,,,,,,,,,,,,,,,,,,,,,,,,,,,,,,,,,,,,,,,
travel permit 75590,End trip,2017-03-31 00:00:00+02:00,STAFF MEMBER,,organizational unit 65455,project 2872,task 427,declaration 75592,UNKNOWN,350.1327705011209,322,True,travel permit number 75591,declaration number 75593,travel permit 75590,217.09087377574525,budget 2233,23.92211475473499,rv_travel permit 75590_7,EMPLOYEE,,,,,,,,,,,,,,,,,,,,,,,,,,,,,,,,,,,,,,,,,,,
travel permit 75590,Permit SUBMITTED by EMPLOYEE,2017-03-31 10:08:03+02:00,STAFF MEMBER,,organizational unit 65455,project 2872,task 427,declaration 75592,UNKNOWN,350.1327705011209,322,True,travel permit number 75591,declaration number 75593,travel permit 75590,217.09087377574525,budget 2233,23.92211475473499,st_step 75594_0,EMPLOYEE,,,,,,,,,,,,,,,,,,,,,,,,,,,,,,,,,,,,,,,,,,,
travel permit 75590,Permit APPROVED by PRE_APPROVER,2017-03-31 10:08:09+02:00,STAFF MEMBER,,organizational unit 65455,project 2872,task 427,declaration 75592,UNKNOWN,350.1327705011209,322,True,travel permit number 75591,declaration number 75593,travel permit 75590,217.09087377574525,budget 2233,23.92211475473499,st_step 75595_0,PRE_APPROVER,,,,,,,,,,,,,,,,,,,,,,,,,,,,,,,,,,,,,,,,,,,
travel permit 75590,Permit FINAL_APPROVED by SUPERVISOR,2017-04-03 11:28:40+02:00,STAFF MEMBER,,organizational unit 65455,project 2872,task 427,declaration 75592,UNKNOWN,350.1327705011209,322,True,travel permit number 75591,declaration number 75593,travel permit 75590,217.09087377574525,budget 2233,23.92211475473499,st_step 75596_0,SUPERVISOR,,,,,,,,,,,,,,,,,,,,,,,,,,,,,,,,,,,,,,,,,,,
travel permit 75590,Declaration SUBMITTED by EMPLOYEE,2017-04-04 10:34:29+02:00,STAFF MEMBER,,organizational unit 65455,project 2872,task 427,declaration 75592,UNKNOWN,350.1327705011209,322,True,travel permit number 75591,declaration number 75593,travel permit 75590,217.09087377574525,budget 2233,23.92211475473499,st_step 75599_0,EMPLOYEE,,,,,,,,,,,,,,,,,,,,,,,,,,,,,,,,,,,,,,,,,,,
travel permit 75590,Declaration APPROVED by PRE_APPROVER,2017-04-04 10:34:35+02:00,STAFF MEMBER,,organizational unit 65455,project 2872,task 427,declaration 75592,UNKNOWN,350.1327705011209,322,True,travel permit number 75591,declaration number 75593,travel permit 75590,217.09087377574525,budget 2233,23.92211475473499,st_step 75597_0,PRE_APPROVER,,,,,,,,,,,,,,,,,,,,,,,,,,,,,,,,,,,,,,,,,,,
travel permit 75590,Declaration FINAL_APPROVED by SUPERVISOR,2017-04-04 12:29:11+02:00,STAFF MEMBER,,organizational unit 65455,project 2872,task 427,declaration 75592,UNKNOWN,350.1327705011209,322,True,travel permit number 75591,declaration number 75593,travel permit 75590,217.09087377574525,budget 2233,23.92211475473499,st_step 75598_0,SUPERVISOR,,,,,,,,,,,,,,,,,,,,,,,,,,,,,,,,,,,,,,,,,,,
travel permit 75590,Request Payment,2017-04-06 12:49:45+02:00,SYSTEM,,organizational unit 65455,project 2872,task 427,declaration 75592,UNKNOWN,350.1327705011209,322,True,travel permit number 75591,declaration number 75593,travel permit 75590,217.09087377574525,budget 2233,23.92211475473499,fd_declaration 75592_17,UNDEFINED,,,,,,,,,,,,,,,,,,,,,,,,,,,,,,,,,,,,,,,,,,,
travel permit 75590,Payment Handled,2017-04-10 17:30:44+02:00,SYSTEM,,organizational unit 65455,project 2872,task 427,declaration 75592,UNKNOWN,350.1327705011209,322,True,travel permit number 75591,declaration number 75593,travel permit 75590,217.09087377574525,budget 2233,23.92211475473499,fd_declaration 75592_18,UNDEFINED,,,,,,,,,,,,,,,,,,,,,,,,,,,,,,,,,,,,,,,,,,,
travel permit 75590,END,2017-04-10 17:30:44.001000+02:00,artificial,complete,organizational unit 65455,project 2872,task 427,declaration 75592,UNKNOWN,350.1327705011209,322,True,travel permit number 75591,declaration number 75593,travel permit 75590,217.09087377574525,budget 2233,23.92211475473499,,,,,,,,,,,,,,,,,,,,,,,,,,,,,,,,,,,,,,,,,,,,,
travel permit 74923,START,2017-03-29 00:15:08.999000+02:00,artificial,complete,organizational unit 65455,UNKNOWN,UNKNOWN,declaration 74925,UNKNOWN,635.4788517216768,69,True,travel permit number 74924,declaration number 74926,travel permit 74923,447.06875376994253,budget 3751,100.33876606131741,,,,,,,declaration 74927,,,,declaration number 74928,368,,,,,,,,,,,,,,,,,,,,,,,,,,,,,,,,,
travel permit 74923,Permit SUBMITTED by EMPLOYEE,2017-03-29 00:15:08.999000+02:00,STAFF MEMBER,,organizational unit 65455,UNKNOWN,UNKNOWN,declaration 74925,UNKNOWN,635.4788517216768,69,True,travel permit number 74924,declaration number 74926,travel permit 74923,447.06875376994253,budget 3751,100.33876606131741,st_step 74930_0,EMPLOYEE,,,,,declaration 74927,,,,declaration number 74928,368,,,,,,,,,,,,,,,,,,,,,,,,,,,,,,,,,
travel permit 74923,Permit FINAL_APPROVED by SUPERVISOR,2017-03-29 00:15:30+02:00,STAFF MEMBER,,organizational unit 65455,UNKNOWN,UNKNOWN,declaration 74925,UNKNOWN,635.4788517216768,69,True,travel permit number 74924,declaration number 74926,travel permit 74923,447.06875376994253,budget 3751,100.33876606131741,st_step 74929_0,SUPERVISOR,,,,,declaration 74927,,,,declaration number 74928,368,,,,,,,,,,,,,,,,,,,,,,,,,,,,,,,,,
travel permit 74923,Declaration SUBMITTED by EMPLOYEE,2017-04-20 23:38:55+02:00,STAFF MEMBER,,organizational unit 65455,UNKNOWN,UNKNOWN,declaration 74925,UNKNOWN,635.4788517216768,69,True,travel permit number 74924,declaration number 74926,travel permit 74923,447.06875376994253,budget 3751,100.33876606131741,st_step 74933_0,EMPLOYEE,,,,,declaration 74927,,,,declaration number 74928,368,,,,,,,,,,,,,,,,,,,,,,,,,,,,,,,,,
travel permit 74923,Declaration FINAL_APPROVED by SUPERVISOR,2017-04-20 23:39:08+02:00,STAFF MEMBER,,organizational unit 65455,UNKNOWN,UNKNOWN,declaration 74925,UNKNOWN,635.4788517216768,69,True,travel permit number 74924,declaration number 74926,travel permit 74923,447.06875376994253,budget 3751,100.33876606131741,st_step 74934_0,SUPERVISOR,,,,,declaration 74927,,,,declaration number 74928,368,,,,,,,,,,,,,,,,,,,,,,,,,,,,,,,,,
travel permit 74923,Request Payment,2017-04-21 10:18:56+02:00,SYSTEM,,organizational unit 65455,UNKNOWN,UNKNOWN,declaration 74925,UNKNOWN,635.4788517216768,69,True,travel permit number 74924,declaration number 74926,travel permit 74923,447.06875376994253,budget 3751,100.33876606131741,fd_declaration 74927_17,UNDEFINED,,,,,declaration 74927,,,,declaration number 74928,368,,,,,,,,,,,,,,,,,,,,,,,,,,,,,,,,,
travel permit 74923,Start trip,2017-04-24 00:00:00+02:00,STAFF MEMBER,,organizational unit 65455,UNKNOWN,UNKNOWN,declaration 74925,UNKNOWN,635.4788517216768,69,True,travel permit number 74924,declaration number 74926,travel permit 74923,447.06875376994253,budget 3751,100.33876606131741,rv_travel permit 74923_6,EMPLOYEE,,,,,declaration 74927,,,,declaration number 74928,368,,,,,,,,,,,,,,,,,,,,,,,,,,,,,,,,,
travel permit 74923,Payment Handled,2017-04-24 17:31:08+02:00,SYSTEM,,organizational unit 65455,UNKNOWN,UNKNOWN,declaration 74925,UNKNOWN,635.4788517216768,69,True,travel permit number 74924,declaration number 74926,travel permit 74923,447.06875376994253,budget 3751,100.33876606131741,fd_declaration 74927_18,UNDEFINED,,,,,declaration 74927,,,,declaration number 74928,368,,,,,,,,,,,,,,,,,,,,,,,,,,,,,,,,,
travel permit 74923,End trip,2017-04-25 00:00:00+02:00,STAFF MEMBER,,organizational unit 65455,UNKNOWN,UNKNOWN,declaration 74925,UNKNOWN,635.4788517216768,69,True,travel permit number 74924,declaration number 74926,travel permit 74923,447.06875376994253,budget 3751,100.33876606131741,rv_travel permit 74923_7,EMPLOYEE,,,,,declaration 74927,,,,declaration number 74928,368,,,,,,,,,,,,,,,,,,,,,,,,,,,,,,,,,
travel permit 74923,Declaration SUBMITTED by EMPLOYEE,2017-05-18 00:14:08+02:00,STAFF MEMBER,,organizational unit 65455,UNKNOWN,UNKNOWN,declaration 74925,UNKNOWN,635.4788517216768,69,True,travel permit number 74924,declaration number 74926,travel permit 74923,447.06875376994253,budget 3751,100.33876606131741,st_step 74932_0,EMPLOYEE,,,,,declaration 74927,,,,declaration number 74928,368,,,,,,,,,,,,,,,,,,,,,,,,,,,,,,,,,
travel permit 74923,Declaration FINAL_APPROVED by SUPERVISOR,2017-05-18 00:14:25+02:00,STAFF MEMBER,,organizational unit 65455,UNKNOWN,UNKNOWN,declaration 74925,UNKNOWN,635.4788517216768,69,True,travel permit number 74924,declaration number 74926,travel permit 74923,447.06875376994253,budget 3751,100.33876606131741,st_step 74931_0,SUPERVISOR,,,,,declaration 74927,,,,declaration number 74928,368,,,,,,,,,,,,,,,,,,,,,,,,,,,,,,,,,
travel permit 74923,Request Payment,2017-05-23 14:46:47+02:00,SYSTEM,,organizational unit 65455,UNKNOWN,UNKNOWN,declaration 74925,UNKNOWN,635.4788517216768,69,True,travel permit number 74924,declaration number 74926,travel permit 74923,447.06875376994253,budget 3751,100.33876606131741,fd_declaration 74925_17,UNDEFINED,,,,,declaration 74927,,,,declaration number 74928,368,,,,,,,,,,,,,,,,,,,,,,,,,,,,,,,,,
travel permit 74923,Payment Handled,2017-05-29 17:30:51+02:00,SYSTEM,,organizational unit 65455,UNKNOWN,UNKNOWN,declaration 74925,UNKNOWN,635.4788517216768,69,True,travel permit number 74924,declaration number 74926,travel permit 74923,447.06875376994253,budget 3751,100.33876606131741,fd_declaration 74925_18,UNDEFINED,,,,,declaration 74927,,,,declaration number 74928,368,,,,,,,,,,,,,,,,,,,,,,,,,,,,,,,,,
travel permit 74923,END,2017-05-29 17:30:51.001000+02:00,artificial,complete,organizational unit 65455,UNKNOWN,UNKNOWN,declaration 74925,UNKNOWN,635.4788517216768,69,True,travel permit number 74924,declaration number 74926,travel permit 74923,447.06875376994253,budget 3751,100.33876606131741,,,,,,,declaration 74927,,,,declaration number 74928,368,,,,,,,,,,,,,,,,,,,,,,,,,,,,,,,,,
travel permit 76517,START,2017-03-30 11:02:59.999000+02:00,artificial,complete,organizational unit 65458,project 72843,task 427,declaration 76519,UNKNOWN,3112.4740388089203,"4,000",False,travel permit number 76518,declaration number 76520,travel permit 76517,5809.088401665079,budget 698,0.0,,,,,,,,,,,,,,,,,,,,,,,,,,,,,,,,,,,,,,,,,,,,,
travel permit 76517,Permit SUBMITTED by EMPLOYEE,2017-03-30 11:02:59.999000+02:00,STAFF MEMBER,,organizational unit 65458,project 72843,task 427,declaration 76519,UNKNOWN,3112.4740388089203,"4,000",False,travel permit number 76518,declaration number 76520,travel permit 76517,5809.088401665079,budget 698,0.0,st_step 76526_0,EMPLOYEE,,,,,,,,,,,,,,,,,,,,,,,,,,,,,,,,,,,,,,,,,,,
travel permit 76517,Permit REJECTED by PRE_APPROVER,2017-04-04 09:43:52+02:00,STAFF MEMBER,,organizational unit 65458,project 72843,task 427,declaration 76519,UNKNOWN,3112.4740388089203,"4,000",False,travel permit number 76518,declaration number 76520,travel permit 76517,5809.088401665079,budget 698,0.0,st_step 76527_0,PRE_APPROVER,,,,,,,,,,,,,,,,,,,,,,,,,,,,,,,,,,,,,,,,,,,
travel permit 76517,Permit REJECTED by EMPLOYEE,2017-04-10 14:58:05+02:00,STAFF MEMBER,,organizational unit 65458,project 72843,task 427,declaration 76519,UNKNOWN,3112.4740388089203,"4,000",False,travel permit number 76518,declaration number 76520,travel permit 76517,5809.088401665079,budget 698,0.0,st_step 76525_0,EMPLOYEE,,,,,,,,,,,,,,,,,,,,,,,,,,,,,,,,,,,,,,,,,,,
travel permit 76517,Permit SUBMITTED by EMPLOYEE,2017-04-11 15:21:25+02:00,STAFF MEMBER,,organizational unit 65458,project 72843,task 427,declaration 76519,UNKNOWN,3112.4740388089203,"4,000",False,travel permit number 76518,declaration number 76520,travel permit 76517,5809.088401665079,budget 698,0.0,st_step 76524_0,EMPLOYEE,,,,,,,,,,,,,,,,,,,,,,,,,,,,,,,,,,,,,,,,,,,
travel permit 76517,Permit APPROVED by PRE_APPROVER,2017-04-11 15:21:29+02:00,STAFF MEMBER,,organizational unit 65458,project 72843,task 427,declaration 76519,UNKNOWN,3112.4740388089203,"4,000",False,travel permit number 76518,declaration number 76520,travel permit 76517,5809.088401665079,budget 698,0.0,st_step 76523_0,PRE_APPROVER,,,,,,,,,,,,,,,,,,,,,,,,,,,,,,,,,,,,,,,,,,,
travel permit 76517,Permit APPROVED by SUPERVISOR,2017-04-11 15:30:08+02:00,STAFF MEMBER,,organizational unit 65458,project 72843,task 427,declaration 76519,UNKNOWN,3112.4740388089203,"4,000",False,travel permit number 76518,declaration number 76520,travel permit 76517,5809.088401665079,budget 698,0.0,st_step 76521_0,SUPERVISOR,,,,,,,,,,,,,,,,,,,,,,,,,,,,,,,,,,,,,,,,,,,
travel permit 76517,Permit FINAL_APPROVED by DIRECTOR,2017-04-18 06:10:17+02:00,STAFF MEMBER,,organizational unit 65458,project 72843,task 427,declaration 76519,UNKNOWN,3112.4740388089203,"4,000",False,travel permit number 76518,declaration number 76520,travel permit 76517,5809.088401665079,budget 698,0.0,st_step 76522_0,DIRECTOR,,,,,,,,,,,,,,,,,,,,,,,,,,,,,,,,,,,,,,,,,,,
travel permit 76517,Start trip,2017-04-30 00:00:00+02:00,STAFF MEMBER,,organizational unit 65458,project 72843,task 427,declaration 76519,UNKNOWN,3112.4740388089203,"4,000",False,travel permit number 76518,declaration number 76520,travel permit 76517,5809.088401665079,budget 698,0.0,rv_travel permit 76517_6,EMPLOYEE,,,,,,,,,,,,,,,,,,,,,,,,,,,,,,,,,,,,,,,,,,,
travel permit 76517,End trip,2017-07-31 00:00:00+02:00,STAFF MEMBER,,organizational unit 65458,project 72843,task 427,declaration 76519,UNKNOWN,3112.4740388089203,"4,000",False,travel permit number 76518,declaration number 76520,travel permit 76517,5809.088401665079,budget 698,0.0,rv_travel permit 76517_7,EMPLOYEE,,,,,,,,,,,,,,,,,,,,,,,,,,,,,,,,,,,,,,,,,,,
travel permit 76517,Declaration SUBMITTED by EMPLOYEE,2017-08-15 14:38:56+02:00,STAFF MEMBER,,organizational unit 65458,project 72843,task 427,declaration 76519,UNKNOWN,3112.4740388089203,"4,000",False,travel permit number 76518,declaration number 76520,travel permit 76517,5809.088401665079,budget 698,0.0,st_step 76528_0,EMPLOYEE,,,,,,,,,,,,,,,,,,,,,,,,,,,,,,,,,,,,,,,,,,,
travel permit 76517,Declaration APPROVED by PRE_APPROVER,2017-08-22 10:56:24+02:00,STAFF MEMBER,,organizational unit 65458,project 72843,task 427,declaration 76519,UNKNOWN,3112.4740388089203,"4,000",False,travel permit number 76518,declaration number 76520,travel permit 76517,5809.088401665079,budget 698,0.0,st_step 76531_0,PRE_APPROVER,,,,,,,,,,,,,,,,,,,,,,,,,,,,,,,,,,,,,,,,,,,
travel permit 76517,Declaration APPROVED by SUPERVISOR,2017-08-22 14:30:53+02:00,STAFF MEMBER,,organizational unit 65458,project 72843,task 427,declaration 76519,UNKNOWN,3112.4740388089203,"4,000",False,travel permit number 76518,declaration number 76520,travel permit 76517,5809.088401665079,budget 698,0.0,st_step 76529_0,SUPERVISOR,,,,,,,,,,,,,,,,,,,,,,,,,,,,,,,,,,,,,,,,,,,
travel permit 76517,Declaration FINAL_APPROVED by DIRECTOR,2017-08-24 07:41:07+02:00,STAFF MEMBER,,organizational unit 65458,project 72843,task 427,declaration 76519,UNKNOWN,3112.4740388089203,"4,000",False,travel permit number 76518,declaration number 76520,travel permit 76517,5809.088401665079,budget 698,0.0,st_step 76530_0,DIRECTOR,,,,,,,,,,,,,,,,,,,,,,,,,,,,,,,,,,,,,,,,,,,
travel permit 76517,Request Payment,2017-09-01 08:54:19+02:00,SYSTEM,,organizational unit 65458,project 72843,task 427,declaration 76519,UNKNOWN,3112.4740388089203,"4,000",False,travel permit number 76518,declaration number 76520,travel permit 76517,5809.088401665079,budget 698,0.0,fd_declaration 76519_17,UNDEFINED,,,,,,,,,,,,,,,,,,,,,,,,,,,,,,,,,,,,,,,,,,,
travel permit 76517,Payment Handled,2017-09-04 17:31:24+02:00,SYSTEM,,organizational unit 65458,project 72843,task 427,declaration 76519,UNKNOWN,3112.4740388089203,"4,000",False,travel permit number 76518,declaration number 76520,travel permit 76517,5809.088401665079,budget 698,0.0,fd_declaration 76519_18,UNDEFINED,,,,,,,,,,,,,,,,,,,,,,,,,,,,,,,,,,,,,,,,,,,
travel permit 76517,END,2017-09-04 17:31:24.001000+02:00,artificial,complete,organizational unit 65458,project 72843,task 427,declaration 76519,UNKNOWN,3112.4740388089203,"4,000",False,travel permit number 76518,declaration number 76520,travel permit 76517,5809.088401665079,budget 698,0.0,,,,,,,,,,,,,,,,,,,,,,,,,,,,,,,,,,,,,,,,,,,,,
travel permit 76532,START,2017-03-30 13:27:35.999000+02:00,artificial,complete,organizational unit 65458,project 74744,task 427,declaration 76534,UNKNOWN,370.08371041054767,532,True,travel permit number 76533,declaration number 76535,travel permit 76532,267.82373779710684,budget 2351,102.25997261344082,,,,,,,,,,,,,,,,,,,,,,,,,,,,,,,,,,,,,,,,,,,,,
travel permit 76532,Permit SUBMITTED by EMPLOYEE,2017-03-30 13:27:35.999000+02:00,STAFF MEMBER,,organizational unit 65458,project 74744,task 427,declaration 76534,UNKNOWN,370.08371041054767,532,True,travel permit number 76533,declaration number 76535,travel permit 76532,267.82373779710684,budget 2351,102.25997261344082,st_step 76537_0,EMPLOYEE,,,,,,,,,,,,,,,,,,,,,,,,,,,,,,,,,,,,,,,,,,,
travel permit 76532,Permit APPROVED by PRE_APPROVER,2017-03-30 13:27:42+02:00,STAFF MEMBER,,organizational unit 65458,project 74744,task 427,declaration 76534,UNKNOWN,370.08371041054767,532,True,travel permit number 76533,declaration number 76535,travel permit 76532,267.82373779710684,budget 2351,102.25997261344082,st_step 76536_0,PRE_APPROVER,,,,,,,,,,,,,,,,,,,,,,,,,,,,,,,,,,,,,,,,,,,
travel permit 76532,Start trip,2017-04-03 00:00:00+02:00,STAFF MEMBER,,organizational unit 65458,project 74744,task 427,declaration 76534,UNKNOWN,370.08371041054767,532,True,travel permit number 76533,declaration number 76535,travel permit 76532,267.82373779710684,budget 2351,102.25997261344082,rv_travel permit 76532_6,EMPLOYEE,,,,,,,,,,,,,,,,,,,,,,,,,,,,,,,,,,,,,,,,,,,
travel permit 76532,Permit FINAL_APPROVED by SUPERVISOR,2017-04-06 05:15:03+02:00,STAFF MEMBER,,organizational unit 65458,project 74744,task 427,declaration 76534,UNKNOWN,370.08371041054767,532,True,travel permit number 76533,declaration number 76535,travel permit 76532,267.82373779710684,budget 2351,102.25997261344082,st_step 76538_0,SUPERVISOR,,,,,,,,,,,,,,,,,,,,,,,,,,,,,,,,,,,,,,,,,,,
travel permit 76532,End trip,2017-04-07 00:00:00+02:00,STAFF MEMBER,,organizational unit 65458,project 74744,task 427,declaration 76534,UNKNOWN,370.08371041054767,532,True,travel permit number 76533,declaration number 76535,travel permit 76532,267.82373779710684,budget 2351,102.25997261344082,rv_travel permit 76532_7,EMPLOYEE,,,,,,,,,,,,,,,,,,,,,,,,,,,,,,,,,,,,,,,,,,,
travel permit 76532,Declaration SUBMITTED by EMPLOYEE,2017-09-29 11:35:27+02:00,STAFF MEMBER,,organizational unit 65458,project 74744,task 427,declaration 76534,UNKNOWN,370.08371041054767,532,True,travel permit number 76533,declaration number 76535,travel permit 76532,267.82373779710684,budget 2351,102.25997261344082,st_step 76544_0,EMPLOYEE,,,,,,,,,,,,,,,,,,,,,,,,,,,,,,,,,,,,,,,,,,,
travel permit 76532,Declaration APPROVED by PRE_APPROVER,2017-09-29 11:39:39+02:00,STAFF MEMBER,,organizational unit 65458,project 74744,task 427,declaration 76534,UNKNOWN,370.08371041054767,532,True,travel permit number 76533,declaration number 76535,travel permit 76532,267.82373779710684,budget 2351,102.25997261344082,st_step 76542_0,PRE_APPROVER,,,,,,,,,,,,,,,,,,,,,,,,,,,,,,,,,,,,,,,,,,,
travel permit 76532,Declaration REJECTED by SUPERVISOR,2017-10-06 05:15:04+02:00,STAFF MEMBER,,organizational unit 65458,project 74744,task 427,declaration 76534,UNKNOWN,370.08371041054767,532,True,travel permit number 76533,declaration number 76535,travel permit 76532,267.82373779710684,budget 2351,102.25997261344082,st_step 76545_0,SUPERVISOR,,,,,,,,,,,,,,,,,,,,,,,,,,,,,,,,,,,,,,,,,,,
travel permit 76532,Declaration REJECTED by EMPLOYEE,2017-10-18 10:02:49+02:00,STAFF MEMBER,,organizational unit 65458,project 74744,task 427,declaration 76534,UNKNOWN,370.08371041054767,532,True,travel permit number 76533,declaration number 76535,travel permit 76532,267.82373779710684,budget 2351,102.25997261344082,st_step 76543_0,EMPLOYEE,,,,,,,,,,,,,,,,,,,,,,,,,,,,,,,,,,,,,,,,,,,
travel permit 76532,Declaration SUBMITTED by EMPLOYEE,2017-10-30 11:26:22+01:00,STAFF MEMBER,,organizational unit 65458,project 74744,task 427,declaration 76534,UNKNOWN,370.08371041054767,532,True,travel permit number 76533,declaration number 76535,travel permit 76532,267.82373779710684,budget 2351,102.25997261344082,st_step 76540_0,EMPLOYEE,,,,,,,,,,,,,,,,,,,,,,,,,,,,,,,,,,,,,,,,,,,
travel permit 76532,Declaration APPROVED by PRE_APPROVER,2017-10-30 11:28:57+01:00,STAFF MEMBER,,organizational unit 65458,project 74744,task 427,declaration 76534,UNKNOWN,370.08371041054767,532,True,travel permit number 76533,declaration number 76535,travel permit 76532,267.82373779710684,budget 2351,102.25997261344082,st_step 76539_0,PRE_APPROVER,,,,,,,,,,,,,,,,,,,,,,,,,,,,,,,,,,,,,,,,,,,
travel permit 76532,Declaration FINAL_APPROVED by SUPERVISOR,2017-11-06 05:15:03+01:00,STAFF MEMBER,,organizational unit 65458,project 74744,task 427,declaration 76534,UNKNOWN,370.08371041054767,532,True,travel permit number 76533,declaration number 76535,travel permit 76532,267.82373779710684,budget 2351,102.25997261344082,st_step 76541_0,SUPERVISOR,,,,,,,,,,,,,,,,,,,,,,,,,,,,,,,,,,,,,,,,,,,
travel permit 76532,Request Payment,2017-11-20 12:03:10+01:00,SYSTEM,,organizational unit 65458,project 74744,task 427,declaration 76534,UNKNOWN,370.08371041054767,532,True,travel permit number 76533,declaration number 76535,travel permit 76532,267.82373779710684,budget 2351,102.25997261344082,fd_declaration 76534_17,UNDEFINED,,,,,,,,,,,,,,,,,,,,,,,,,,,,,,,,,,,,,,,,,,,
travel permit 76532,Payment Handled,2017-11-23 17:30:58+01:00,SYSTEM,,organizational unit 65458,project 74744,task 427,declaration 76534,UNKNOWN,370.08371041054767,532,True,travel permit number 76533,declaration number 76535,travel permit 76532,267.82373779710684,budget 2351,102.25997261344082,fd_declaration 76534_18,UNDEFINED,,,,,,,,,,,,,,,,,,,,,,,,,,,,,,,,,,,,,,,,,,,
travel permit 76532,END,2017-11-23 17:30:58.001000+01:00,artificial,complete,organizational unit 65458,project 74744,task 427,declaration 76534,UNKNOWN,370.08371041054767,532,True,travel permit number 76533,declaration number 76535,travel permit 76532,267.82373779710684,budget 2351,102.25997261344082,,,,,,,,,,,,,,,,,,,,,,,,,,,,,,,,,,,,,,,,,,,,,
travel permit 75611,START,2017-03-30 13:36:22.999000+02:00,artificial,complete,organizational unit 65458,project 3442,task 427,declaration 75613,UNKNOWN,271.36845309522005,427,True,travel permit number 75612,declaration number 75614,travel permit 75611,244.6764741022476,budget 2351,26.69197899297245,,,,,,,,,,,,,,,,,,,,,,,,,,,,,,,,,,,,,,,,,,,,,
travel permit 75611,Permit SUBMITTED by EMPLOYEE,2017-03-30 13:36:22.999000+02:00,STAFF MEMBER,,organizational unit 65458,project 3442,task 427,declaration 75613,UNKNOWN,271.36845309522005,427,True,travel permit number 75612,declaration number 75614,travel permit 75611,244.6764741022476,budget 2351,26.69197899297245,st_step 75615_0,EMPLOYEE,,,,,,,,,,,,,,,,,,,,,,,,,,,,,,,,,,,,,,,,,,,
travel permit 75611,Start trip,2017-04-03 00:00:00+02:00,STAFF MEMBER,,organizational unit 65458,project 3442,task 427,declaration 75613,UNKNOWN,271.36845309522005,427,True,travel permit number 75612,declaration number 75614,travel permit 75611,244.6764741022476,budget 2351,26.69197899297245,rv_travel permit 75611_6,EMPLOYEE,,,,,,,,,,,,,,,,,,,,,,,,,,,,,,,,,,,,,,,,,,,
travel permit 75611,End trip,2017-04-07 00:00:00+02:00,STAFF MEMBER,,organizational unit 65458,project 3442,task 427,declaration 75613,UNKNOWN,271.36845309522005,427,True,travel permit number 75612,declaration number 75614,travel permit 75611,244.6764741022476,budget 2351,26.69197899297245,rv_travel permit 75611_7,EMPLOYEE,,,,,,,,,,,,,,,,,,,,,,,,,,,,,,,,,,,,,,,,,,,
travel permit 75611,Permit APPROVED by PRE_APPROVER,2017-12-18 11:38:35+01:00,STAFF MEMBER,,organizational unit 65458,project 3442,task 427,declaration 75613,UNKNOWN,271.36845309522005,427,True,travel permit number 75612,declaration number 75614,travel permit 75611,244.6764741022476,budget 2351,26.69197899297245,st_step 75617_0,PRE_APPROVER,,,,,,,,,,,,,,,,,,,,,,,,,,,,,,,,,,,,,,,,,,,
travel permit 75611,Permit FINAL_APPROVED by SUPERVISOR,2017-12-19 10:09:32+01:00,STAFF MEMBER,,organizational unit 65458,project 3442,task 427,declaration 75613,UNKNOWN,271.36845309522005,427,True,travel permit number 75612,declaration number 75614,travel permit 75611,244.6764741022476,budget 2351,26.69197899297245,st_step 75616_0,SUPERVISOR,,,,,,,,,,,,,,,,,,,,,,,,,,,,,,,,,,,,,,,,,,,
travel permit 75611,Declaration SUBMITTED by EMPLOYEE,2018-02-09 10:10:25+01:00,STAFF MEMBER,,organizational unit 65458,project 3442,task 427,declaration 75613,UNKNOWN,271.36845309522005,427,True,travel permit number 75612,declaration number 75614,travel permit 75611,244.6764741022476,budget 2351,26.69197899297245,st_step 75620_0,EMPLOYEE,,,,,,,,,,,,,,,,,,,,,,,,,,,,,,,,,,,,,,,,,,,
travel permit 75611,Declaration APPROVED by ADMINISTRATION,2018-02-09 10:19:07+01:00,STAFF MEMBER,,organizational unit 65458,project 3442,task 427,declaration 75613,UNKNOWN,271.36845309522005,427,True,travel permit number 75612,declaration number 75614,travel permit 75611,244.6764741022476,budget 2351,26.69197899297245,st_step 75619_0,ADMINISTRATION,,,,,,,,,,,,,,,,,,,,,,,,,,,,,,,,,,,,,,,,,,,
travel permit 75611,Declaration FINAL_APPROVED by SUPERVISOR,2018-02-09 11:43:58+01:00,STAFF MEMBER,,organizational unit 65458,project 3442,task 427,declaration 75613,UNKNOWN,271.36845309522005,427,True,travel permit number 75612,declaration number 75614,travel permit 75611,244.6764741022476,budget 2351,26.69197899297245,st_step 75618_0,SUPERVISOR,,,,,,,,,,,,,,,,,,,,,,,,,,,,,,,,,,,,,,,,,,,
travel permit 75611,Request Payment,2018-02-20 09:19:11+01:00,SYSTEM,,organizational unit 65458,project 3442,task 427,declaration 75613,UNKNOWN,271.36845309522005,427,True,travel permit number 75612,declaration number 75614,travel permit 75611,244.6764741022476,budget 2351,26.69197899297245,fd_declaration 75613_17,UNDEFINED,,,,,,,,,,,,,,,,,,,,,,,,,,,,,,,,,,,,,,,,,,,
travel permit 75611,Payment Handled,2018-02-22 17:30:40+01:00,SYSTEM,,organizational unit 65458,project 3442,task 427,declaration 75613,UNKNOWN,271.36845309522005,427,True,travel permit number 75612,declaration number 75614,travel permit 75611,244.6764741022476,budget 2351,26.69197899297245,fd_declaration 75613_18,UNDEFINED,,,,,,,,,,,,,,,,,,,,,,,,,,,,,,,,,,,,,,,,,,,
travel permit 75611,END,2018-02-22 17:30:40.001000+01:00,artificial,complete,organizational unit 65458,project 3442,task 427,declaration 75613,UNKNOWN,271.36845309522005,427,True,travel permit number 75612,declaration number 75614,travel permit 75611,244.6764741022476,budget 2351,26.69197899297245,,,,,,,,,,,,,,,,,,,,,,,,,,,,,,,,,,,,,,,,,,,,,
travel permit 74451,START,2017-03-30 14:17:35.999000+02:00,artificial,complete,organizational unit 65458,project 74453,task 427,,UNKNOWN,269.5286818870776,132.16912708924593,False,travel permit number 74452,,travel permit 74451,406.10625641947075,budget 974,-81.85622573528235,,,request for payment number 74455,organizational unit 65458,request for payment 74454,0.0,declaration 74457,activity 505,task 74456,project 503,declaration number 74458,215,,,,,,,,,,,,,,,,,,,,,,,,,,,,,,,,,
travel permit 74451,Permit SUBMITTED by EMPLOYEE,2017-03-30 14:17:35.999000+02:00,STAFF MEMBER,,organizational unit 65458,project 74453,task 427,,UNKNOWN,269.5286818870776,132.16912708924593,False,travel permit number 74452,,travel permit 74451,406.10625641947075,budget 974,-81.85622573528235,st_step 74459_0,EMPLOYEE,request for payment number 74455,organizational unit 65458,request for payment 74454,0.0,declaration 74457,activity 505,task 74456,project 503,declaration number 74458,215,,,,,,,,,,,,,,,,,,,,,,,,,,,,,,,,,
travel permit 74451,Permit FINAL_APPROVED by SUPERVISOR,2017-03-30 14:30:35+02:00,STAFF MEMBER,,organizational unit 65458,project 74453,task 427,,UNKNOWN,269.5286818870776,132.16912708924593,False,travel permit number 74452,,travel permit 74451,406.10625641947075,budget 974,-81.85622573528235,st_step 74460_0,SUPERVISOR,request for payment number 74455,organizational unit 65458,request for payment 74454,0.0,declaration 74457,activity 505,task 74456,project 503,declaration number 74458,215,,,,,,,,,,,,,,,,,,,,,,,,,,,,,,,,,
travel permit 74451,Request For Payment SUBMITTED by EMPLOYEE,2017-03-30 15:15:10+02:00,STAFF MEMBER,,organizational unit 65458,project 74453,task 427,,UNKNOWN,269.5286818870776,132.16912708924593,False,travel permit number 74452,,travel permit 74451,406.10625641947075,budget 974,-81.85622573528235,st_step 74461_0,EMPLOYEE,request for payment number 74455,organizational unit 65458,request for payment 74454,0.0,declaration 74457,activity 505,task 74456,project 503,declaration number 74458,215,,,,,,,,,,,,,,,,,,,,,,,,,,,,,,,,,
travel permit 74451,Request For Payment FINAL_APPROVED by SUPERVISOR,2017-03-30 15:15:44+02:00,STAFF MEMBER,,organizational unit 65458,project 74453,task 427,,UNKNOWN,269.5286818870776,132.16912708924593,False,travel permit number 74452,,travel permit 74451,406.10625641947075,budget 974,-81.85622573528235,st_step 74462_0,SUPERVISOR,request for payment number 74455,organizational unit 65458,request for payment 74454,0.0,declaration 74457,activity 505,task 74456,project 503,declaration number 74458,215,,,,,,,,,,,,,,,,,,,,,,,,,,,,,,,,,
travel permit 74451,Request Payment,2017-03-31 11:20:21+02:00,SYSTEM,,organizational unit 65458,project 74453,task 427,,UNKNOWN,269.5286818870776,132.16912708924593,False,travel permit number 74452,,travel permit 74451,406.10625641947075,budget 974,-81.85622573528235,rp_request for payment 74454_15,UNDEFINED,request for payment number 74455,organizational unit 65458,request for payment 74454,0.0,declaration 74457,activity 505,task 74456,project 503,declaration number 74458,215,,,,,,,,,,,,,,,,,,,,,,,,,,,,,,,,,
travel permit 74451,Payment Handled,2017-04-03 17:31:12+02:00,SYSTEM,,organizational unit 65458,project 74453,task 427,,UNKNOWN,269.5286818870776,132.16912708924593,False,travel permit number 74452,,travel permit 74451,406.10625641947075,budget 974,-81.85622573528235,rp_request for payment 74454_16,UNDEFINED,request for payment number 74455,organizational unit 65458,request for payment 74454,0.0,declaration 74457,activity 505,task 74456,project 503,declaration number 74458,215,,,,,,,,,,,,,,,,,,,,,,,,,,,,,,,,,
travel permit 74451,Start trip,2017-04-26 00:00:00+02:00,STAFF MEMBER,,organizational unit 65458,project 74453,task 427,,UNKNOWN,269.5286818870776,132.16912708924593,False,travel permit number 74452,,travel permit 74451,406.10625641947075,budget 974,-81.85622573528235,rv_travel permit 74451_6,EMPLOYEE,request for payment number 74455,organizational unit 65458,request for payment 74454,0.0,declaration 74457,activity 505,task 74456,project 503,declaration number 74458,215,,,,,,,,,,,,,,,,,,,,,,,,,,,,,,,,,
travel permit 74451,End trip,2017-04-28 00:00:00+02:00,STAFF MEMBER,,organizational unit 65458,project 74453,task 427,,UNKNOWN,269.5286818870776,132.16912708924593,False,travel permit number 74452,,travel permit 74451,406.10625641947075,budget 974,-81.85622573528235,rv_travel permit 74451_7,EMPLOYEE,request for payment number 74455,organizational unit 65458,request for payment 74454,0.0,declaration 74457,activity 505,task 74456,project 503,declaration number 74458,215,,,,,,,,,,,,,,,,,,,,,,,,,,,,,,,,,
travel permit 74451,Declaration SUBMITTED by EMPLOYEE,2017-05-01 10:46:12+02:00,STAFF MEMBER,,organizational unit 65458,project 74453,task 427,,UNKNOWN,269.5286818870776,132.16912708924593,False,travel permit number 74452,,travel permit 74451,406.10625641947075,budget 974,-81.85622573528235,st_step 74464_0,EMPLOYEE,request for payment number 74455,organizational unit 65458,request for payment 74454,0.0,declaration 74457,activity 505,task 74456,project 503,declaration number 74458,215,,,,,,,,,,,,,,,,,,,,,,,,,,,,,,,,,
travel permit 74451,Declaration FINAL_APPROVED by SUPERVISOR,2017-05-01 11:31:29+02:00,STAFF MEMBER,,organizational unit 65458,project 74453,task 427,,UNKNOWN,269.5286818870776,132.16912708924593,False,travel permit number 74452,,travel permit 74451,406.10625641947075,budget 974,-81.85622573528235,st_step 74463_0,SUPERVISOR,request for payment number 74455,organizational unit 65458,request for payment 74454,0.0,declaration 74457,activity 505,task 74456,project 503,declaration number 74458,215,,,,,,,,,,,,,,,,,,,,,,,,,,,,,,,,,
travel permit 74451,Request Payment,2017-05-01 16:39:25+02:00,SYSTEM,,organizational unit 65458,project 74453,task 427,,UNKNOWN,269.5286818870776,132.16912708924593,False,travel permit number 74452,,travel permit 74451,406.10625641947075,budget 974,-81.85622573528235,fd_declaration 74457_17,UNDEFINED,request for payment number 74455,organizational unit 65458,request for payment 74454,0.0,declaration 74457,activity 505,task 74456,project 503,declaration number 74458,215,,,,,,,,,,,,,,,,,,,,,,,,,,,,,,,,,
travel permit 74451,Payment Handled,2017-05-04 17:31:07+02:00,SYSTEM,,organizational unit 65458,project 74453,task 427,,UNKNOWN,269.5286818870776,132.16912708924593,False,travel permit number 74452,,travel permit 74451,406.10625641947075,budget 974,-81.85622573528235,fd_declaration 74457_18,UNDEFINED,request for payment number 74455,organizational unit 65458,request for payment 74454,0.0,declaration 74457,activity 505,task 74456,project 503,declaration number 74458,215,,,,,,,,,,,,,,,,,,,,,,,,,,,,,,,,,
travel permit 74451,END,2017-05-04 17:31:07.001000+02:00,artificial,complete,organizational unit 65458,project 74453,task 427,,UNKNOWN,269.5286818870776,132.16912708924593,False,travel permit number 74452,,travel permit 74451,406.10625641947075,budget 974,-81.85622573528235,,,request for payment number 74455,organizational unit 65458,request for payment 74454,0.0,declaration 74457,activity 505,task 74456,project 503,declaration number 74458,215,,,,,,,,,,,,,,,,,,,,,,,,,,,,,,,,,
travel permit 74465,START,2017-03-30 17:59:08.999000+02:00,artificial,complete,organizational unit 65458,UNKNOWN,UNKNOWN,,UNKNOWN,0.0,,False,UNKNOWN,,travel permit 74465,2940.308977954933,budget 922,-2816.6007868662077,,,,,,,,,,,,,,,,,,,,,,,,,,,,,,,,,,,,,,,,,,,,,
travel permit 74465,Permit SUBMITTED by EMPLOYEE,2017-03-30 17:59:08.999000+02:00,STAFF MEMBER,,organizational unit 65458,UNKNOWN,UNKNOWN,,UNKNOWN,0.0,,False,UNKNOWN,,travel permit 74465,2940.308977954933,budget 922,-2816.6007868662077,st_step 74466_0,EMPLOYEE,,,,,,,,,,,,,,,,,,,,,,,,,,,,,,,,,,,,,,,,,,,
travel permit 74465,Permit REJECTED by SUPERVISOR,2017-03-30 17:59:52+02:00,STAFF MEMBER,,organizational unit 65458,UNKNOWN,UNKNOWN,,UNKNOWN,0.0,,False,UNKNOWN,,travel permit 74465,2940.308977954933,budget 922,-2816.6007868662077,st_step 74467_0,SUPERVISOR,,,,,,,,,,,,,,,,,,,,,,,,,,,,,,,,,,,,,,,,,,,
travel permit 74465,Permit REJECTED by EMPLOYEE,2017-03-31 09:13:04+02:00,STAFF MEMBER,,organizational unit 65458,UNKNOWN,UNKNOWN,,UNKNOWN,0.0,,False,UNKNOWN,,travel permit 74465,2940.308977954933,budget 922,-2816.6007868662077,st_step 74468_0,EMPLOYEE,,,,,,,,,,,,,,,,,,,,,,,,,,,,,,,,,,,,,,,,,,,
travel permit 74465,Start trip,2017-06-11 00:00:00+02:00,STAFF MEMBER,,organizational unit 65458,UNKNOWN,UNKNOWN,,UNKNOWN,0.0,,False,UNKNOWN,,travel permit 74465,2940.308977954933,budget 922,-2816.6007868662077,rv_travel permit 74465_6,EMPLOYEE,,,,,,,,,,,,,,,,,,,,,,,,,,,,,,,,,,,,,,,,,,,
travel permit 74465,End trip,2017-06-17 00:00:00+02:00,STAFF MEMBER,,organizational unit 65458,UNKNOWN,UNKNOWN,,UNKNOWN,0.0,,False,UNKNOWN,,travel permit 74465,2940.308977954933,budget 922,-2816.6007868662077,rv_travel permit 74465_7,EMPLOYEE,,,,,,,,,,,,,,,,,,,,,,,,,,,,,,,,,,,,,,,,,,,
travel permit 74465,END,2017-06-17 00:00:00.001000+02:00,artificial,complete,organizational unit 65458,UNKNOWN,UNKNOWN,,UNKNOWN,0.0,,False,UNKNOWN,,travel permit 74465,2940.308977954933,budget 922,-2816.6007868662077,,,,,,,,,,,,,,,,,,,,,,,,,,,,,,,,,,,,,,,,,,,,,
travel permit 75014,START,2017-03-31 09:04:49.999000+02:00,artificial,complete,organizational unit 65458,project 923,task 427,declaration 75016,UNKNOWN,2304.4915528905335,"1,665",False,travel permit number 75015,declaration number 75017,travel permit 75014,2969.20636348766,budget 922,-539.7908141905755,,,,,,,,,,,,,,,,,,,,,,,,,,,,,,,,,,,,,,,,,,,,,
travel permit 75014,Permit SUBMITTED by EMPLOYEE,2017-03-31 09:04:49.999000+02:00,STAFF MEMBER,,organizational unit 65458,project 923,task 427,declaration 75016,UNKNOWN,2304.4915528905335,"1,665",False,travel permit number 75015,declaration number 75017,travel permit 75014,2969.20636348766,budget 922,-539.7908141905755,st_step 75019_0,EMPLOYEE,,,,,,,,,,,,,,,,,,,,,,,,,,,,,,,,,,,,,,,,,,,
travel permit 75014,Permit APPROVED by SUPERVISOR,2017-03-31 09:04:51+02:00,STAFF MEMBER,,organizational unit 65458,project 923,task 427,declaration 75016,UNKNOWN,2304.4915528905335,"1,665",False,travel permit number 75015,declaration number 75017,travel permit 75014,2969.20636348766,budget 922,-539.7908141905755,st_step 75018_0,SUPERVISOR,,,,,,,,,,,,,,,,,,,,,,,,,,,,,,,,,,,,,,,,,,,
travel permit 75014,Permit FINAL_APPROVED by DIRECTOR,2017-03-31 09:12:20+02:00,STAFF MEMBER,,organizational unit 65458,project 923,task 427,declaration 75016,UNKNOWN,2304.4915528905335,"1,665",False,travel permit number 75015,declaration number 75017,travel permit 75014,2969.20636348766,budget 922,-539.7908141905755,st_step 75020_0,DIRECTOR,,,,,,,,,,,,,,,,,,,,,,,,,,,,,,,,,,,,,,,,,,,
travel permit 75014,Start trip,2017-06-11 00:00:00+02:00,STAFF MEMBER,,organizational unit 65458,project 923,task 427,declaration 75016,UNKNOWN,2304.4915528905335,"1,665",False,travel permit number 75015,declaration number 75017,travel permit 75014,2969.20636348766,budget 922,-539.7908141905755,rv_travel permit 75014_6,EMPLOYEE,,,,,,,,,,,,,,,,,,,,,,,,,,,,,,,,,,,,,,,,,,,
travel permit 75014,End trip,2017-06-17 00:00:00+02:00,STAFF MEMBER,,organizational unit 65458,project 923,task 427,declaration 75016,UNKNOWN,2304.4915528905335,"1,665",False,travel permit number 75015,declaration number 75017,travel permit 75014,2969.20636348766,budget 922,-539.7908141905755,rv_travel permit 75014_7,EMPLOYEE,,,,,,,,,,,,,,,,,,,,,,,,,,,,,,,,,,,,,,,,,,,
travel permit 75014,Declaration SUBMITTED by EMPLOYEE,2017-06-19 15:26:17+02:00,STAFF MEMBER,,organizational unit 65458,project 923,task 427,declaration 75016,UNKNOWN,2304.4915528905335,"1,665",False,travel permit number 75015,declaration number 75017,travel permit 75014,2969.20636348766,budget 922,-539.7908141905755,st_step 75024_0,EMPLOYEE,,,,,,,,,,,,,,,,,,,,,,,,,,,,,,,,,,,,,,,,,,,
travel permit 75014,Declaration REJECTED by SUPERVISOR,2017-06-20 10:05:14+02:00,STAFF MEMBER,,organizational unit 65458,project 923,task 427,declaration 75016,UNKNOWN,2304.4915528905335,"1,665",False,travel permit number 75015,declaration number 75017,travel permit 75014,2969.20636348766,budget 922,-539.7908141905755,st_step 75023_0,SUPERVISOR,,,,,,,,,,,,,,,,,,,,,,,,,,,,,,,,,,,,,,,,,,,
travel permit 75014,Declaration REJECTED by EMPLOYEE,2017-06-20 14:26:09+02:00,STAFF MEMBER,,organizational unit 65458,project 923,task 427,declaration 75016,UNKNOWN,2304.4915528905335,"1,665",False,travel permit number 75015,declaration number 75017,travel permit 75014,2969.20636348766,budget 922,-539.7908141905755,st_step 75025_0,EMPLOYEE,,,,,,,,,,,,,,,,,,,,,,,,,,,,,,,,,,,,,,,,,,,
travel permit 75014,Declaration SUBMITTED by EMPLOYEE,2017-06-20 14:26:51+02:00,STAFF MEMBER,,organizational unit 65458,project 923,task 427,declaration 75016,UNKNOWN,2304.4915528905335,"1,665",False,travel permit number 75015,declaration number 75017,travel permit 75014,2969.20636348766,budget 922,-539.7908141905755,st_step 75022_0,EMPLOYEE,,,,,,,,,,,,,,,,,,,,,,,,,,,,,,,,,,,,,,,,,,,
travel permit 75014,Declaration FINAL_APPROVED by SUPERVISOR,2017-06-20 14:26:58+02:00,STAFF MEMBER,,organizational unit 65458,project 923,task 427,declaration 75016,UNKNOWN,2304.4915528905335,"1,665",False,travel permit number 75015,declaration number 75017,travel permit 75014,2969.20636348766,budget 922,-539.7908141905755,st_step 75021_0,SUPERVISOR,,,,,,,,,,,,,,,,,,,,,,,,,,,,,,,,,,,,,,,,,,,
travel permit 75014,Request Payment,2017-06-20 16:56:27+02:00,SYSTEM,,organizational unit 65458,project 923,task 427,declaration 75016,UNKNOWN,2304.4915528905335,"1,665",False,travel permit number 75015,declaration number 75017,travel permit 75014,2969.20636348766,budget 922,-539.7908141905755,fd_declaration 75016_17,UNDEFINED,,,,,,,,,,,,,,,,,,,,,,,,,,,,,,,,,,,,,,,,,,,
travel permit 75014,Payment Handled,2017-06-22 17:31:14+02:00,SYSTEM,,organizational unit 65458,project 923,task 427,declaration 75016,UNKNOWN,2304.4915528905335,"1,665",False,travel permit number 75015,declaration number 75017,travel permit 75014,2969.20636348766,budget 922,-539.7908141905755,fd_declaration 75016_18,UNDEFINED,,,,,,,,,,,,,,,,,,,,,,,,,,,,,,,,,,,,,,,,,,,
travel permit 75014,END,2017-06-22 17:31:14.001000+02:00,artificial,complete,organizational unit 65458,project 923,task 427,declaration 75016,UNKNOWN,2304.4915528905335,"1,665",False,travel permit number 75015,declaration number 75017,travel permit 75014,2969.20636348766,budget 922,-539.7908141905755,,,,,,,,,,,,,,,,,,,,,,,,,,,,,,,,,,,,,,,,,,,,,
travel permit 77058,START,2017-03-31 11:52:17.999000+02:00,artificial,complete,organizational unit 65455,project 8761,task 427,declaration 77060,UNKNOWN,333.72391775281795,388,False,travel permit number 77059,declaration number 77061,travel permit 77058,430.0565950422912,budget 899,-96.33267728947322,,,,,,,,,,,,,,,,,,,,,,,,,,,,,,,,,,,,,,,,,,,,,
travel permit 77058,Permit SUBMITTED by EMPLOYEE,2017-03-31 11:52:17.999000+02:00,STAFF MEMBER,,organizational unit 65455,project 8761,task 427,declaration 77060,UNKNOWN,333.72391775281795,388,False,travel permit number 77059,declaration number 77061,travel permit 77058,430.0565950422912,budget 899,-96.33267728947322,st_step 77065_0,EMPLOYEE,,,,,,,,,,,,,,,,,,,,,,,,,,,,,,,,,,,,,,,,,,,
travel permit 77058,Permit FINAL_APPROVED by SUPERVISOR,2017-03-31 11:52:21+02:00,STAFF MEMBER,,organizational unit 65455,project 8761,task 427,declaration 77060,UNKNOWN,333.72391775281795,388,False,travel permit number 77059,declaration number 77061,travel permit 77058,430.0565950422912,budget 899,-96.33267728947322,st_step 77066_0,SUPERVISOR,,,,,,,,,,,,,,,,,,,,,,,,,,,,,,,,,,,,,,,,,,,
travel permit 77058,Start trip,2017-04-01 00:00:00+02:00,STAFF MEMBER,,organizational unit 65455,project 8761,task 427,declaration 77060,UNKNOWN,333.72391775281795,388,False,travel permit number 77059,declaration number 77061,travel permit 77058,430.0565950422912,budget 899,-96.33267728947322,rv_travel permit 77058_6,EMPLOYEE,,,,,,,,,,,,,,,,,,,,,,,,,,,,,,,,,,,,,,,,,,,
travel permit 77058,End trip,2017-04-04 00:00:00+02:00,STAFF MEMBER,,organizational unit 65455,project 8761,task 427,declaration 77060,UNKNOWN,333.72391775281795,388,False,travel permit number 77059,declaration number 77061,travel permit 77058,430.0565950422912,budget 899,-96.33267728947322,rv_travel permit 77058_7,EMPLOYEE,,,,,,,,,,,,,,,,,,,,,,,,,,,,,,,,,,,,,,,,,,,
travel permit 77058,Permit REJECTED by MISSING,2017-07-28 10:12:50+02:00,STAFF MEMBER,,organizational unit 65455,project 8761,task 427,declaration 77060,UNKNOWN,333.72391775281795,388,False,travel permit number 77059,declaration number 77061,travel permit 77058,430.0565950422912,budget 899,-96.33267728947322,st_step 77067_0,MISSING,,,,,,,,,,,,,,,,,,,,,,,,,,,,,,,,,,,,,,,,,,,
travel permit 77058,Permit SUBMITTED by EMPLOYEE,2017-10-16 15:44:51+02:00,STAFF MEMBER,,organizational unit 65455,project 8761,task 427,declaration 77060,UNKNOWN,333.72391775281795,388,False,travel permit number 77059,declaration number 77061,travel permit 77058,430.0565950422912,budget 899,-96.33267728947322,st_step 77062_0,EMPLOYEE,,,,,,,,,,,,,,,,,,,,,,,,,,,,,,,,,,,,,,,,,,,
travel permit 77058,Permit APPROVED by PRE_APPROVER,2017-10-16 15:44:55+02:00,STAFF MEMBER,,organizational unit 65455,project 8761,task 427,declaration 77060,UNKNOWN,333.72391775281795,388,False,travel permit number 77059,declaration number 77061,travel permit 77058,430.0565950422912,budget 899,-96.33267728947322,st_step 77063_0,PRE_APPROVER,,,,,,,,,,,,,,,,,,,,,,,,,,,,,,,,,,,,,,,,,,,
travel permit 77058,Permit FINAL_APPROVED by SUPERVISOR,2017-10-16 15:53:34+02:00,STAFF MEMBER,,organizational unit 65455,project 8761,task 427,declaration 77060,UNKNOWN,333.72391775281795,388,False,travel permit number 77059,declaration number 77061,travel permit 77058,430.0565950422912,budget 899,-96.33267728947322,st_step 77064_0,SUPERVISOR,,,,,,,,,,,,,,,,,,,,,,,,,,,,,,,,,,,,,,,,,,,
travel permit 77058,Declaration SUBMITTED by EMPLOYEE,2017-10-25 11:09:31+02:00,STAFF MEMBER,,organizational unit 65455,project 8761,task 427,declaration 77060,UNKNOWN,333.72391775281795,388,False,travel permit number 77059,declaration number 77061,travel permit 77058,430.0565950422912,budget 899,-96.33267728947322,st_step 77068_0,EMPLOYEE,,,,,,,,,,,,,,,,,,,,,,,,,,,,,,,,,,,,,,,,,,,
travel permit 77058,Declaration APPROVED by PRE_APPROVER,2017-10-25 11:20:09+02:00,STAFF MEMBER,,organizational unit 65455,project 8761,task 427,declaration 77060,UNKNOWN,333.72391775281795,388,False,travel permit number 77059,declaration number 77061,travel permit 77058,430.0565950422912,budget 899,-96.33267728947322,st_step 77070_0,PRE_APPROVER,,,,,,,,,,,,,,,,,,,,,,,,,,,,,,,,,,,,,,,,,,,
travel permit 77058,Declaration FINAL_APPROVED by SUPERVISOR,2017-10-26 12:21:45+02:00,STAFF MEMBER,,organizational unit 65455,project 8761,task 427,declaration 77060,UNKNOWN,333.72391775281795,388,False,travel permit number 77059,declaration number 77061,travel permit 77058,430.0565950422912,budget 899,-96.33267728947322,st_step 77069_0,SUPERVISOR,,,,,,,,,,,,,,,,,,,,,,,,,,,,,,,,,,,,,,,,,,,
travel permit 77058,Request Payment,2017-11-03 13:41:07+01:00,SYSTEM,,organizational unit 65455,project 8761,task 427,declaration 77060,UNKNOWN,333.72391775281795,388,False,travel permit number 77059,declaration number 77061,travel permit 77058,430.0565950422912,budget 899,-96.33267728947322,fd_declaration 77060_17,UNDEFINED,,,,,,,,,,,,,,,,,,,,,,,,,,,,,,,,,,,,,,,,,,,
travel permit 77058,Payment Handled,2017-11-06 17:30:55+01:00,SYSTEM,,organizational unit 65455,project 8761,task 427,declaration 77060,UNKNOWN,333.72391775281795,388,False,travel permit number 77059,declaration number 77061,travel permit 77058,430.0565950422912,budget 899,-96.33267728947322,fd_declaration 77060_18,UNDEFINED,,,,,,,,,,,,,,,,,,,,,,,,,,,,,,,,,,,,,,,,,,,
travel permit 77058,END,2017-11-06 17:30:55.001000+01:00,artificial,complete,organizational unit 65455,project 8761,task 427,declaration 77060,UNKNOWN,333.72391775281795,388,False,travel permit number 77059,declaration number 77061,travel permit 77058,430.0565950422912,budget 899,-96.33267728947322,,,,,,,,,,,,,,,,,,,,,,,,,,,,,,,,,,,,,,,,,,,,,
travel permit 77159,START,2017-03-31 13:02:23.999000+02:00,artificial,complete,organizational unit 65455,project 915,task 427,declaration 77161,UNKNOWN,482.0738139253403,761,False,travel permit number 77160,declaration number 77162,travel permit 77159,819.2606085266134,budget 899,-164.06980000875575,,,,,,,,,,,,,,,,,,,,,,,,,,,,,,,,,,,,,,,,,,,,,
travel permit 77159,Permit SUBMITTED by EMPLOYEE,2017-03-31 13:02:23.999000+02:00,STAFF MEMBER,,organizational unit 65455,project 915,task 427,declaration 77161,UNKNOWN,482.0738139253403,761,False,travel permit number 77160,declaration number 77162,travel permit 77159,819.2606085266134,budget 899,-164.06980000875575,st_step 77168_0,EMPLOYEE,,,,,,,,,,,,,,,,,,,,,,,,,,,,,,,,,,,,,,,,,,,
travel permit 77159,Permit REJECTED by PRE_APPROVER,2017-03-31 13:02:26+02:00,STAFF MEMBER,,organizational unit 65455,project 915,task 427,declaration 77161,UNKNOWN,482.0738139253403,761,False,travel permit number 77160,declaration number 77162,travel permit 77159,819.2606085266134,budget 899,-164.06980000875575,st_step 77166_0,PRE_APPROVER,,,,,,,,,,,,,,,,,,,,,,,,,,,,,,,,,,,,,,,,,,,
travel permit 77159,Permit REJECTED by EMPLOYEE,2017-04-03 11:19:45+02:00,STAFF MEMBER,,organizational unit 65455,project 915,task 427,declaration 77161,UNKNOWN,482.0738139253403,761,False,travel permit number 77160,declaration number 77162,travel permit 77159,819.2606085266134,budget 899,-164.06980000875575,st_step 77167_0,EMPLOYEE,,,,,,,,,,,,,,,,,,,,,,,,,,,,,,,,,,,,,,,,,,,
travel permit 77159,Permit SUBMITTED by EMPLOYEE,2017-04-05 12:28:07+02:00,STAFF MEMBER,,organizational unit 65455,project 915,task 427,declaration 77161,UNKNOWN,482.0738139253403,761,False,travel permit number 77160,declaration number 77162,travel permit 77159,819.2606085266134,budget 899,-164.06980000875575,st_step 77163_0,EMPLOYEE,,,,,,,,,,,,,,,,,,,,,,,,,,,,,,,,,,,,,,,,,,,
travel permit 77159,Permit APPROVED by PRE_APPROVER,2017-04-05 12:28:10+02:00,STAFF MEMBER,,organizational unit 65455,project 915,task 427,declaration 77161,UNKNOWN,482.0738139253403,761,False,travel permit number 77160,declaration number 77162,travel permit 77159,819.2606085266134,budget 899,-164.06980000875575,st_step 77164_0,PRE_APPROVER,,,,,,,,,,,,,,,,,,,,,,,,,,,,,,,,,,,,,,,,,,,
travel permit 77159,Permit FINAL_APPROVED by SUPERVISOR,2017-04-06 17:28:10+02:00,STAFF MEMBER,,organizational unit 65455,project 915,task 427,declaration 77161,UNKNOWN,482.0738139253403,761,False,travel permit number 77160,declaration number 77162,travel permit 77159,819.2606085266134,budget 899,-164.06980000875575,st_step 77165_0,SUPERVISOR,,,,,,,,,,,,,,,,,,,,,,,,,,,,,,,,,,,,,,,,,,,
travel permit 77159,Start trip,2017-07-07 00:00:00+02:00,STAFF MEMBER,,organizational unit 65455,project 915,task 427,declaration 77161,UNKNOWN,482.0738139253403,761,False,travel permit number 77160,declaration number 77162,travel permit 77159,819.2606085266134,budget 899,-164.06980000875575,rv_travel permit 77159_6,EMPLOYEE,,,,,,,,,,,,,,,,,,,,,,,,,,,,,,,,,,,,,,,,,,,
travel permit 77159,End trip,2017-07-17 00:00:00+02:00,STAFF MEMBER,,organizational unit 65455,project 915,task 427,declaration 77161,UNKNOWN,482.0738139253403,761,False,travel permit number 77160,declaration number 77162,travel permit 77159,819.2606085266134,budget 899,-164.06980000875575,rv_travel permit 77159_7,EMPLOYEE,,,,,,,,,,,,,,,,,,,,,,,,,,,,,,,,,,,,,,,,,,,
travel permit 77159,Declaration SUBMITTED by EMPLOYEE,2017-07-18 12:43:41+02:00,STAFF MEMBER,,organizational unit 65455,project 915,task 427,declaration 77161,UNKNOWN,482.0738139253403,761,False,travel permit number 77160,declaration number 77162,travel permit 77159,819.2606085266134,budget 899,-164.06980000875575,st_step 77174_0,EMPLOYEE,,,,,,,,,,,,,,,,,,,,,,,,,,,,,,,,,,,,,,,,,,,
travel permit 77159,Declaration REJECTED by PRE_APPROVER,2017-07-18 12:44:19+02:00,STAFF MEMBER,,organizational unit 65455,project 915,task 427,declaration 77161,UNKNOWN,482.0738139253403,761,False,travel permit number 77160,declaration number 77162,travel permit 77159,819.2606085266134,budget 899,-164.06980000875575,st_step 77173_0,PRE_APPROVER,,,,,,,,,,,,,,,,,,,,,,,,,,,,,,,,,,,,,,,,,,,
travel permit 77159,Declaration REJECTED by EMPLOYEE,2017-07-19 14:48:00+02:00,STAFF MEMBER,,organizational unit 65455,project 915,task 427,declaration 77161,UNKNOWN,482.0738139253403,761,False,travel permit number 77160,declaration number 77162,travel permit 77159,819.2606085266134,budget 899,-164.06980000875575,st_step 77172_0,EMPLOYEE,,,,,,,,,,,,,,,,,,,,,,,,,,,,,,,,,,,,,,,,,,,
travel permit 77159,Declaration SUBMITTED by EMPLOYEE,2017-07-19 14:54:37+02:00,STAFF MEMBER,,organizational unit 65455,project 915,task 427,declaration 77161,UNKNOWN,482.0738139253403,761,False,travel permit number 77160,declaration number 77162,travel permit 77159,819.2606085266134,budget 899,-164.06980000875575,st_step 77169_0,EMPLOYEE,,,,,,,,,,,,,,,,,,,,,,,,,,,,,,,,,,,,,,,,,,,
travel permit 77159,Declaration APPROVED by PRE_APPROVER,2017-07-19 14:54:48+02:00,STAFF MEMBER,,organizational unit 65455,project 915,task 427,declaration 77161,UNKNOWN,482.0738139253403,761,False,travel permit number 77160,declaration number 77162,travel permit 77159,819.2606085266134,budget 899,-164.06980000875575,st_step 77171_0,PRE_APPROVER,,,,,,,,,,,,,,,,,,,,,,,,,,,,,,,,,,,,,,,,,,,
travel permit 77159,Declaration FINAL_APPROVED by SUPERVISOR,2017-07-20 14:37:32+02:00,STAFF MEMBER,,organizational unit 65455,project 915,task 427,declaration 77161,UNKNOWN,482.0738139253403,761,False,travel permit number 77160,declaration number 77162,travel permit 77159,819.2606085266134,budget 899,-164.06980000875575,st_step 77170_0,SUPERVISOR,,,,,,,,,,,,,,,,,,,,,,,,,,,,,,,,,,,,,,,,,,,
travel permit 77159,Request Payment,2017-07-20 16:13:44+02:00,SYSTEM,,organizational unit 65455,project 915,task 427,declaration 77161,UNKNOWN,482.0738139253403,761,False,travel permit number 77160,declaration number 77162,travel permit 77159,819.2606085266134,budget 899,-164.06980000875575,fd_declaration 77161_17,UNDEFINED,,,,,,,,,,,,,,,,,,,,,,,,,,,,,,,,,,,,,,,,,,,
travel permit 77159,Payment Handled,2017-07-24 17:30:50+02:00,SYSTEM,,organizational unit 65455,project 915,task 427,declaration 77161,UNKNOWN,482.0738139253403,761,False,travel permit number 77160,declaration number 77162,travel permit 77159,819.2606085266134,budget 899,-164.06980000875575,fd_declaration 77161_18,UNDEFINED,,,,,,,,,,,,,,,,,,,,,,,,,,,,,,,,,,,,,,,,,,,
travel permit 77159,END,2017-07-24 17:30:50.001000+02:00,artificial,complete,organizational unit 65455,project 915,task 427,declaration 77161,UNKNOWN,482.0738139253403,761,False,travel permit number 77160,declaration number 77162,travel permit 77159,819.2606085266134,budget 899,-164.06980000875575,,,,,,,,,,,,,,,,,,,,,,,,,,,,,,,,,,,,,,,,,,,,,
travel permit 74945,START,2017-03-31 13:40:25.999000+02:00,artificial,complete,organizational unit 65455,project 8136,task 427,,UNKNOWN,2590.4604012220866,836.856096538259,False,travel permit number 74946,,travel permit 74945,2295.8774585656947,budget 6198,-333.60851096351644,,,request for payment number 74948,organizational unit 65463,request for payment 74947,0.0,declaration 74949,activity 505,task 8139,project 503,declaration number 74950,"1,257",,,,,,,,,,,,,,,,,,,,,,,,,,,,,,,,,
travel permit 74945,Permit SUBMITTED by EMPLOYEE,2017-03-31 13:40:25.999000+02:00,STAFF MEMBER,,organizational unit 65455,project 8136,task 427,,UNKNOWN,2590.4604012220866,836.856096538259,False,travel permit number 74946,,travel permit 74945,2295.8774585656947,budget 6198,-333.60851096351644,st_step 74951_0,EMPLOYEE,request for payment number 74948,organizational unit 65463,request for payment 74947,0.0,declaration 74949,activity 505,task 8139,project 503,declaration number 74950,"1,257",,,,,,,,,,,,,,,,,,,,,,,,,,,,,,,,,
travel permit 74945,Permit APPROVED by PRE_APPROVER,2017-04-03 14:56:13+02:00,STAFF MEMBER,,organizational unit 65455,project 8136,task 427,,UNKNOWN,2590.4604012220866,836.856096538259,False,travel permit number 74946,,travel permit 74945,2295.8774585656947,budget 6198,-333.60851096351644,st_step 74952_0,PRE_APPROVER,request for payment number 74948,organizational unit 65463,request for payment 74947,0.0,declaration 74949,activity 505,task 8139,project 503,declaration number 74950,"1,257",,,,,,,,,,,,,,,,,,,,,,,,,,,,,,,,,
travel permit 74945,Permit FINAL_APPROVED by SUPERVISOR,2017-04-04 11:10:28+02:00,STAFF MEMBER,,organizational unit 65455,project 8136,task 427,,UNKNOWN,2590.4604012220866,836.856096538259,False,travel permit number 74946,,travel permit 74945,2295.8774585656947,budget 6198,-333.60851096351644,st_step 74953_0,SUPERVISOR,request for payment number 74948,organizational unit 65463,request for payment 74947,0.0,declaration 74949,activity 505,task 8139,project 503,declaration number 74950,"1,257",,,,,,,,,,,,,,,,,,,,,,,,,,,,,,,,,
travel permit 74945,Request For Payment SUBMITTED by EMPLOYEE,2017-04-04 11:39:05+02:00,STAFF MEMBER,,organizational unit 65455,project 8136,task 427,,UNKNOWN,2590.4604012220866,836.856096538259,False,travel permit number 74946,,travel permit 74945,2295.8774585656947,budget 6198,-333.60851096351644,st_step 74954_0,EMPLOYEE,request for payment number 74948,organizational unit 65463,request for payment 74947,0.0,declaration 74949,activity 505,task 8139,project 503,declaration number 74950,"1,257",,,,,,,,,,,,,,,,,,,,,,,,,,,,,,,,,
travel permit 74945,Request For Payment APPROVED by PRE_APPROVER,2017-04-04 11:47:42+02:00,STAFF MEMBER,,organizational unit 65455,project 8136,task 427,,UNKNOWN,2590.4604012220866,836.856096538259,False,travel permit number 74946,,travel permit 74945,2295.8774585656947,budget 6198,-333.60851096351644,st_step 74956_0,PRE_APPROVER,request for payment number 74948,organizational unit 65463,request for payment 74947,0.0,declaration 74949,activity 505,task 8139,project 503,declaration number 74950,"1,257",,,,,,,,,,,,,,,,,,,,,,,,,,,,,,,,,
travel permit 74945,Request For Payment FINAL_APPROVED by SUPERVISOR,2017-04-05 12:14:06+02:00,STAFF MEMBER,,organizational unit 65455,project 8136,task 427,,UNKNOWN,2590.4604012220866,836.856096538259,False,travel permit number 74946,,travel permit 74945,2295.8774585656947,budget 6198,-333.60851096351644,st_step 74955_0,SUPERVISOR,request for payment number 74948,organizational unit 65463,request for payment 74947,0.0,declaration 74949,activity 505,task 8139,project 503,declaration number 74950,"1,257",,,,,,,,,,,,,,,,,,,,,,,,,,,,,,,,,
travel permit 74945,Request Payment,2017-04-06 08:40:35+02:00,SYSTEM,,organizational unit 65455,project 8136,task 427,,UNKNOWN,2590.4604012220866,836.856096538259,False,travel permit number 74946,,travel permit 74945,2295.8774585656947,budget 6198,-333.60851096351644,rp_request for payment 74947_15,UNDEFINED,request for payment number 74948,organizational unit 65463,request for payment 74947,0.0,declaration 74949,activity 505,task 8139,project 503,declaration number 74950,"1,257",,,,,,,,,,,,,,,,,,,,,,,,,,,,,,,,,
travel permit 74945,Payment Handled,2017-04-10 17:30:46+02:00,SYSTEM,,organizational unit 65455,project 8136,task 427,,UNKNOWN,2590.4604012220866,836.856096538259,False,travel permit number 74946,,travel permit 74945,2295.8774585656947,budget 6198,-333.60851096351644,rp_request for payment 74947_16,UNDEFINED,request for payment number 74948,organizational unit 65463,request for payment 74947,0.0,declaration 74949,activity 505,task 8139,project 503,declaration number 74950,"1,257",,,,,,,,,,,,,,,,,,,,,,,,,,,,,,,,,
travel permit 74945,Start trip,2017-08-26 00:00:00+02:00,STAFF MEMBER,,organizational unit 65455,project 8136,task 427,,UNKNOWN,2590.4604012220866,836.856096538259,False,travel permit number 74946,,travel permit 74945,2295.8774585656947,budget 6198,-333.60851096351644,rv_travel permit 74945_6,EMPLOYEE,request for payment number 74948,organizational unit 65463,request for payment 74947,0.0,declaration 74949,activity 505,task 8139,project 503,declaration number 74950,"1,257",,,,,,,,,,,,,,,,,,,,,,,,,,,,,,,,,
travel permit 74945,End trip,2017-09-01 00:00:00+02:00,STAFF MEMBER,,organizational unit 65455,project 8136,task 427,,UNKNOWN,2590.4604012220866,836.856096538259,False,travel permit number 74946,,travel permit 74945,2295.8774585656947,budget 6198,-333.60851096351644,rv_travel permit 74945_7,EMPLOYEE,request for payment number 74948,organizational unit 65463,request for payment 74947,0.0,declaration 74949,activity 505,task 8139,project 503,declaration number 74950,"1,257",,,,,,,,,,,,,,,,,,,,,,,,,,,,,,,,,
travel permit 74945,Declaration SUBMITTED by EMPLOYEE,2017-09-04 09:41:16+02:00,STAFF MEMBER,,organizational unit 65455,project 8136,task 427,,UNKNOWN,2590.4604012220866,836.856096538259,False,travel permit number 74946,,travel permit 74945,2295.8774585656947,budget 6198,-333.60851096351644,st_step 74960_0,EMPLOYEE,request for payment number 74948,organizational unit 65463,request for payment 74947,0.0,declaration 74949,activity 505,task 8139,project 503,declaration number 74950,"1,257",,,,,,,,,,,,,,,,,,,,,,,,,,,,,,,,,
travel permit 74945,Declaration APPROVED by PRE_APPROVER,2017-09-04 14:42:49+02:00,STAFF MEMBER,,organizational unit 65455,project 8136,task 427,,UNKNOWN,2590.4604012220866,836.856096538259,False,travel permit number 74946,,travel permit 74945,2295.8774585656947,budget 6198,-333.60851096351644,st_step 74962_0,PRE_APPROVER,request for payment number 74948,organizational unit 65463,request for payment 74947,0.0,declaration 74949,activity 505,task 8139,project 503,declaration number 74950,"1,257",,,,,,,,,,,,,,,,,,,,,,,,,,,,,,,,,
travel permit 74945,Declaration FINAL_APPROVED by SUPERVISOR,2017-09-04 16:14:56+02:00,STAFF MEMBER,,organizational unit 65455,project 8136,task 427,,UNKNOWN,2590.4604012220866,836.856096538259,False,travel permit number 74946,,travel permit 74945,2295.8774585656947,budget 6198,-333.60851096351644,st_step 74961_0,SUPERVISOR,request for payment number 74948,organizational unit 65463,request for payment 74947,0.0,declaration 74949,activity 505,task 8139,project 503,declaration number 74950,"1,257",,,,,,,,,,,,,,,,,,,,,,,,,,,,,,,,,
travel permit 74945,Declaration REJECTED by MISSING,2017-09-11 14:57:01+02:00,STAFF MEMBER,,organizational unit 65455,project 8136,task 427,,UNKNOWN,2590.4604012220866,836.856096538259,False,travel permit number 74946,,travel permit 74945,2295.8774585656947,budget 6198,-333.60851096351644,st_step 74963_0,MISSING,request for payment number 74948,organizational unit 65463,request for payment 74947,0.0,declaration 74949,activity 505,task 8139,project 503,declaration number 74950,"1,257",,,,,,,,,,,,,,,,,,,,,,,,,,,,,,,,,
travel permit 74945,Declaration SUBMITTED by EMPLOYEE,2017-09-12 13:36:23+02:00,STAFF MEMBER,,organizational unit 65455,project 8136,task 427,,UNKNOWN,2590.4604012220866,836.856096538259,False,travel permit number 74946,,travel permit 74945,2295.8774585656947,budget 6198,-333.60851096351644,st_step 74958_0,EMPLOYEE,request for payment number 74948,organizational unit 65463,request for payment 74947,0.0,declaration 74949,activity 505,task 8139,project 503,declaration number 74950,"1,257",,,,,,,,,,,,,,,,,,,,,,,,,,,,,,,,,
travel permit 74945,Declaration APPROVED by PRE_APPROVER,2017-09-12 13:37:14+02:00,STAFF MEMBER,,organizational unit 65455,project 8136,task 427,,UNKNOWN,2590.4604012220866,836.856096538259,False,travel permit number 74946,,travel permit 74945,2295.8774585656947,budget 6198,-333.60851096351644,st_step 74957_0,PRE_APPROVER,request for payment number 74948,organizational unit 65463,request for payment 74947,0.0,declaration 74949,activity 505,task 8139,project 503,declaration number 74950,"1,257",,,,,,,,,,,,,,,,,,,,,,,,,,,,,,,,,
travel permit 74945,Declaration FINAL_APPROVED by SUPERVISOR,2017-09-14 10:11:53+02:00,STAFF MEMBER,,organizational unit 65455,project 8136,task 427,,UNKNOWN,2590.4604012220866,836.856096538259,False,travel permit number 74946,,travel permit 74945,2295.8774585656947,budget 6198,-333.60851096351644,st_step 74959_0,SUPERVISOR,request for payment number 74948,organizational unit 65463,request for payment 74947,0.0,declaration 74949,activity 505,task 8139,project 503,declaration number 74950,"1,257",,,,,,,,,,,,,,,,,,,,,,,,,,,,,,,,,
travel permit 74945,Request Payment,2017-09-14 14:30:03+02:00,SYSTEM,,organizational unit 65455,project 8136,task 427,,UNKNOWN,2590.4604012220866,836.856096538259,False,travel permit number 74946,,travel permit 74945,2295.8774585656947,budget 6198,-333.60851096351644,fd_declaration 74949_17,UNDEFINED,request for payment number 74948,organizational unit 65463,request for payment 74947,0.0,declaration 74949,activity 505,task 8139,project 503,declaration number 74950,"1,257",,,,,,,,,,,,,,,,,,,,,,,,,,,,,,,,,
travel permit 74945,Payment Handled,2017-09-18 17:30:55+02:00,SYSTEM,,organizational unit 65455,project 8136,task 427,,UNKNOWN,2590.4604012220866,836.856096538259,False,travel permit number 74946,,travel permit 74945,2295.8774585656947,budget 6198,-333.60851096351644,fd_declaration 74949_18,UNDEFINED,request for payment number 74948,organizational unit 65463,request for payment 74947,0.0,declaration 74949,activity 505,task 8139,project 503,declaration number 74950,"1,257",,,,,,,,,,,,,,,,,,,,,,,,,,,,,,,,,
travel permit 74945,END,2017-09-18 17:30:55.001000+02:00,artificial,complete,organizational unit 65455,project 8136,task 427,,UNKNOWN,2590.4604012220866,836.856096538259,False,travel permit number 74946,,travel permit 74945,2295.8774585656947,budget 6198,-333.60851096351644,,,request for payment number 74948,organizational unit 65463,request for payment 74947,0.0,declaration 74949,activity 505,task 8139,project 503,declaration number 74950,"1,257",,,,,,,,,,,,,,,,,,,,,,,,,,,,,,,,,
travel permit 74964,START,2017-03-31 14:18:43.999000+02:00,artificial,complete,organizational unit 65458,project 22889,task 427,declaration 74966,UNKNOWN,427.326257659323,423,False,travel permit number 74965,declaration number 74967,travel permit 74964,771.9113440219577,budget 1644,-178.81027802766005,,,,,,,,,,,,,,,,,,,,,,,,,,,,,,,,,,,,,,,,,,,,,
travel permit 74964,Permit SUBMITTED by EMPLOYEE,2017-03-31 14:18:43.999000+02:00,STAFF MEMBER,,organizational unit 65458,project 22889,task 427,declaration 74966,UNKNOWN,427.326257659323,423,False,travel permit number 74965,declaration number 74967,travel permit 74964,771.9113440219577,budget 1644,-178.81027802766005,st_step 74969_0,EMPLOYEE,,,,,,,,,,,,,,,,,,,,,,,,,,,,,,,,,,,,,,,,,,,
travel permit 74964,Permit FINAL_APPROVED by SUPERVISOR,2017-03-31 14:18:58+02:00,STAFF MEMBER,,organizational unit 65458,project 22889,task 427,declaration 74966,UNKNOWN,427.326257659323,423,False,travel permit number 74965,declaration number 74967,travel permit 74964,771.9113440219577,budget 1644,-178.81027802766005,st_step 74968_0,SUPERVISOR,,,,,,,,,,,,,,,,,,,,,,,,,,,,,,,,,,,,,,,,,,,
travel permit 74964,Start trip,2017-04-05 00:00:00+02:00,STAFF MEMBER,,organizational unit 65458,project 22889,task 427,declaration 74966,UNKNOWN,427.326257659323,423,False,travel permit number 74965,declaration number 74967,travel permit 74964,771.9113440219577,budget 1644,-178.81027802766005,rv_travel permit 74964_6,EMPLOYEE,,,,,,,,,,,,,,,,,,,,,,,,,,,,,,,,,,,,,,,,,,,
travel permit 74964,End trip,2017-04-07 00:00:00+02:00,STAFF MEMBER,,organizational unit 65458,project 22889,task 427,declaration 74966,UNKNOWN,427.326257659323,423,False,travel permit number 74965,declaration number 74967,travel permit 74964,771.9113440219577,budget 1644,-178.81027802766005,rv_travel permit 74964_7,EMPLOYEE,,,,,,,,,,,,,,,,,,,,,,,,,,,,,,,,,,,,,,,,,,,
travel permit 74964,Declaration SUBMITTED by EMPLOYEE,2017-05-02 11:38:11+02:00,STAFF MEMBER,,organizational unit 65458,project 22889,task 427,declaration 74966,UNKNOWN,427.326257659323,423,False,travel permit number 74965,declaration number 74967,travel permit 74964,771.9113440219577,budget 1644,-178.81027802766005,st_step 74971_0,EMPLOYEE,,,,,,,,,,,,,,,,,,,,,,,,,,,,,,,,,,,,,,,,,,,
travel permit 74964,Declaration FINAL_APPROVED by SUPERVISOR,2017-05-02 11:54:22+02:00,STAFF MEMBER,,organizational unit 65458,project 22889,task 427,declaration 74966,UNKNOWN,427.326257659323,423,False,travel permit number 74965,declaration number 74967,travel permit 74964,771.9113440219577,budget 1644,-178.81027802766005,st_step 74970_0,SUPERVISOR,,,,,,,,,,,,,,,,,,,,,,,,,,,,,,,,,,,,,,,,,,,
travel permit 74964,Request Payment,2017-05-04 16:32:37+02:00,SYSTEM,,organizational unit 65458,project 22889,task 427,declaration 74966,UNKNOWN,427.326257659323,423,False,travel permit number 74965,declaration number 74967,travel permit 74964,771.9113440219577,budget 1644,-178.81027802766005,fd_declaration 74966_17,UNDEFINED,,,,,,,,,,,,,,,,,,,,,,,,,,,,,,,,,,,,,,,,,,,
travel permit 74964,Payment Handled,2017-05-08 17:31:17+02:00,SYSTEM,,organizational unit 65458,project 22889,task 427,declaration 74966,UNKNOWN,427.326257659323,423,False,travel permit number 74965,declaration number 74967,travel permit 74964,771.9113440219577,budget 1644,-178.81027802766005,fd_declaration 74966_18,UNDEFINED,,,,,,,,,,,,,,,,,,,,,,,,,,,,,,,,,,,,,,,,,,,
travel permit 74964,END,2017-05-08 17:31:17.001000+02:00,artificial,complete,organizational unit 65458,project 22889,task 427,declaration 74966,UNKNOWN,427.326257659323,423,False,travel permit number 74965,declaration number 74967,travel permit 74964,771.9113440219577,budget 1644,-178.81027802766005,,,,,,,,,,,,,,,,,,,,,,,,,,,,,,,,,,,,,,,,,,,,,
travel permit 75621,START,2017-03-31 14:22:36.999000+02:00,artificial,complete,organizational unit 65458,project 22889,task 427,declaration 75623,UNKNOWN,3611.5635251349404,"3,575",True,travel permit number 75622,declaration number 75624,travel permit 75621,4116.860501450441,budget 1644,378.83533480436427,,,,,,,,,,,,,,,,,,,,,,,,,,,,,,,,,,,,,,,,,,,,,
travel permit 75621,Permit SUBMITTED by EMPLOYEE,2017-03-31 14:22:36.999000+02:00,STAFF MEMBER,,organizational unit 65458,project 22889,task 427,declaration 75623,UNKNOWN,3611.5635251349404,"3,575",True,travel permit number 75622,declaration number 75624,travel permit 75621,4116.860501450441,budget 1644,378.83533480436427,st_step 75626_0,EMPLOYEE,,,,,,,,,,,,,,,,,,,,,,,,,,,,,,,,,,,,,,,,,,,
travel permit 75621,Permit APPROVED by SUPERVISOR,2017-03-31 14:22:40+02:00,STAFF MEMBER,,organizational unit 65458,project 22889,task 427,declaration 75623,UNKNOWN,3611.5635251349404,"3,575",True,travel permit number 75622,declaration number 75624,travel permit 75621,4116.860501450441,budget 1644,378.83533480436427,st_step 75625_0,SUPERVISOR,,,,,,,,,,,,,,,,,,,,,,,,,,,,,,,,,,,,,,,,,,,
travel permit 75621,Permit FINAL_APPROVED by DIRECTOR,2017-04-04 10:08:22+02:00,STAFF MEMBER,,organizational unit 65458,project 22889,task 427,declaration 75623,UNKNOWN,3611.5635251349404,"3,575",True,travel permit number 75622,declaration number 75624,travel permit 75621,4116.860501450441,budget 1644,378.83533480436427,st_step 75627_0,DIRECTOR,,,,,,,,,,,,,,,,,,,,,,,,,,,,,,,,,,,,,,,,,,,
travel permit 75621,Start trip,2017-06-25 00:00:00+02:00,STAFF MEMBER,,organizational unit 65458,project 22889,task 427,declaration 75623,UNKNOWN,3611.5635251349404,"3,575",True,travel permit number 75622,declaration number 75624,travel permit 75621,4116.860501450441,budget 1644,378.83533480436427,rv_travel permit 75621_6,EMPLOYEE,,,,,,,,,,,,,,,,,,,,,,,,,,,,,,,,,,,,,,,,,,,
travel permit 75621,End trip,2017-07-08 00:00:00+02:00,STAFF MEMBER,,organizational unit 65458,project 22889,task 427,declaration 75623,UNKNOWN,3611.5635251349404,"3,575",True,travel permit number 75622,declaration number 75624,travel permit 75621,4116.860501450441,budget 1644,378.83533480436427,rv_travel permit 75621_7,EMPLOYEE,,,,,,,,,,,,,,,,,,,,,,,,,,,,,,,,,,,,,,,,,,,
travel permit 75621,Declaration SUBMITTED by EMPLOYEE,2017-07-19 19:07:17+02:00,STAFF MEMBER,,organizational unit 65458,project 22889,task 427,declaration 75623,UNKNOWN,3611.5635251349404,"3,575",True,travel permit number 75622,declaration number 75624,travel permit 75621,4116.860501450441,budget 1644,378.83533480436427,st_step 75628_0,EMPLOYEE,,,,,,,,,,,,,,,,,,,,,,,,,,,,,,,,,,,,,,,,,,,
travel permit 75621,Declaration APPROVED by SUPERVISOR,2017-07-19 19:07:26+02:00,STAFF MEMBER,,organizational unit 65458,project 22889,task 427,declaration 75623,UNKNOWN,3611.5635251349404,"3,575",True,travel permit number 75622,declaration number 75624,travel permit 75621,4116.860501450441,budget 1644,378.83533480436427,st_step 75629_0,SUPERVISOR,,,,,,,,,,,,,,,,,,,,,,,,,,,,,,,,,,,,,,,,,,,
travel permit 75621,Declaration FINAL_APPROVED by DIRECTOR,2017-07-20 14:13:01+02:00,STAFF MEMBER,,organizational unit 65458,project 22889,task 427,declaration 75623,UNKNOWN,3611.5635251349404,"3,575",True,travel permit number 75622,declaration number 75624,travel permit 75621,4116.860501450441,budget 1644,378.83533480436427,st_step 75630_0,DIRECTOR,,,,,,,,,,,,,,,,,,,,,,,,,,,,,,,,,,,,,,,,,,,
travel permit 75621,Request Payment,2017-08-09 11:17:45+02:00,SYSTEM,,organizational unit 65458,project 22889,task 427,declaration 75623,UNKNOWN,3611.5635251349404,"3,575",True,travel permit number 75622,declaration number 75624,travel permit 75621,4116.860501450441,budget 1644,378.83533480436427,fd_declaration 75623_17,UNDEFINED,,,,,,,,,,,,,,,,,,,,,,,,,,,,,,,,,,,,,,,,,,,
travel permit 75621,Payment Handled,2017-08-10 17:31:29+02:00,SYSTEM,,organizational unit 65458,project 22889,task 427,declaration 75623,UNKNOWN,3611.5635251349404,"3,575",True,travel permit number 75622,declaration number 75624,travel permit 75621,4116.860501450441,budget 1644,378.83533480436427,fd_declaration 75623_18,UNDEFINED,,,,,,,,,,,,,,,,,,,,,,,,,,,,,,,,,,,,,,,,,,,
travel permit 75621,END,2017-08-10 17:31:29.001000+02:00,artificial,complete,organizational unit 65458,project 22889,task 427,declaration 75623,UNKNOWN,3611.5635251349404,"3,575",True,travel permit number 75622,declaration number 75624,travel permit 75621,4116.860501450441,budget 1644,378.83533480436427,,,,,,,,,,,,,,,,,,,,,,,,,,,,,,,,,,,,,,,,,,,,,
travel permit 76447,START,2017-03-31 14:27:01.999000+02:00,artificial,complete,organizational unit 65458,project 22889,task 427,declaration 76449,UNKNOWN,307.1091780814047,304,False,travel permit number 76448,declaration number 76450,travel permit 76447,553.203129882403,budget 1644,-127.28867249426645,,,,,,,,,,,,,,,,,,,,,,,,,,,,,,,,,,,,,,,,,,,,,
travel permit 76447,Permit SUBMITTED by EMPLOYEE,2017-03-31 14:27:01.999000+02:00,STAFF MEMBER,,organizational unit 65458,project 22889,task 427,declaration 76449,UNKNOWN,307.1091780814047,304,False,travel permit number 76448,declaration number 76450,travel permit 76447,553.203129882403,budget 1644,-127.28867249426645,st_step 76451_0,EMPLOYEE,,,,,,,,,,,,,,,,,,,,,,,,,,,,,,,,,,,,,,,,,,,
travel permit 76447,Permit FINAL_APPROVED by SUPERVISOR,2017-03-31 14:27:06+02:00,STAFF MEMBER,,organizational unit 65458,project 22889,task 427,declaration 76449,UNKNOWN,307.1091780814047,304,False,travel permit number 76448,declaration number 76450,travel permit 76447,553.203129882403,budget 1644,-127.28867249426645,st_step 76452_0,SUPERVISOR,,,,,,,,,,,,,,,,,,,,,,,,,,,,,,,,,,,,,,,,,,,
travel permit 76447,Start trip,2017-07-09 00:00:00+02:00,STAFF MEMBER,,organizational unit 65458,project 22889,task 427,declaration 76449,UNKNOWN,307.1091780814047,304,False,travel permit number 76448,declaration number 76450,travel permit 76447,553.203129882403,budget 1644,-127.28867249426645,rv_travel permit 76447_6,EMPLOYEE,,,,,,,,,,,,,,,,,,,,,,,,,,,,,,,,,,,,,,,,,,,
travel permit 76447,End trip,2017-07-14 00:00:00+02:00,STAFF MEMBER,,organizational unit 65458,project 22889,task 427,declaration 76449,UNKNOWN,307.1091780814047,304,False,travel permit number 76448,declaration number 76450,travel permit 76447,553.203129882403,budget 1644,-127.28867249426645,rv_travel permit 76447_7,EMPLOYEE,,,,,,,,,,,,,,,,,,,,,,,,,,,,,,,,,,,,,,,,,,,
travel permit 76447,Declaration SUBMITTED by EMPLOYEE,2017-07-19 18:35:06+02:00,STAFF MEMBER,,organizational unit 65458,project 22889,task 427,declaration 76449,UNKNOWN,307.1091780814047,304,False,travel permit number 76448,declaration number 76450,travel permit 76447,553.203129882403,budget 1644,-127.28867249426645,st_step 76453_0,EMPLOYEE,,,,,,,,,,,,,,,,,,,,,,,,,,,,,,,,,,,,,,,,,,,
travel permit 76447,Declaration FINAL_APPROVED by SUPERVISOR,2017-07-19 18:35:16+02:00,STAFF MEMBER,,organizational unit 65458,project 22889,task 427,declaration 76449,UNKNOWN,307.1091780814047,304,False,travel permit number 76448,declaration number 76450,travel permit 76447,553.203129882403,budget 1644,-127.28867249426645,st_step 76454_0,SUPERVISOR,,,,,,,,,,,,,,,,,,,,,,,,,,,,,,,,,,,,,,,,,,,
travel permit 76447,Request Payment,2017-07-20 14:55:57+02:00,SYSTEM,,organizational unit 65458,project 22889,task 427,declaration 76449,UNKNOWN,307.1091780814047,304,False,travel permit number 76448,declaration number 76450,travel permit 76447,553.203129882403,budget 1644,-127.28867249426645,fd_declaration 76449_17,UNDEFINED,,,,,,,,,,,,,,,,,,,,,,,,,,,,,,,,,,,,,,,,,,,
travel permit 76447,Payment Handled,2017-07-24 17:30:50+02:00,SYSTEM,,organizational unit 65458,project 22889,task 427,declaration 76449,UNKNOWN,307.1091780814047,304,False,travel permit number 76448,declaration number 76450,travel permit 76447,553.203129882403,budget 1644,-127.28867249426645,fd_declaration 76449_18,UNDEFINED,,,,,,,,,,,,,,,,,,,,,,,,,,,,,,,,,,,,,,,,,,,
travel permit 76447,END,2017-07-24 17:30:50.001000+02:00,artificial,complete,organizational unit 65458,project 22889,task 427,declaration 76449,UNKNOWN,307.1091780814047,304,False,travel permit number 76448,declaration number 76450,travel permit 76447,553.203129882403,budget 1644,-127.28867249426645,,,,,,,,,,,,,,,,,,,,,,,,,,,,,,,,,,,,,,,,,,,,,
travel permit 72569,START,2017-03-31 15:21:57.999000+02:00,artificial,complete,organizational unit 65455,UNKNOWN,UNKNOWN,declaration 72571,UNKNOWN,146.85362449643563,117,True,travel permit number 72570,declaration number 72572,travel permit 72569,0.0,budget 440,146.85362449643563,,,,,,,declaration 72573,,,,UNKNOWN,,,,,,,,,,,,,,,,,,,,,,,,,,,,,,,,,,
travel permit 72569,Permit SUBMITTED by EMPLOYEE,2017-03-31 15:21:57.999000+02:00,STAFF MEMBER,,organizational unit 65455,UNKNOWN,UNKNOWN,declaration 72571,UNKNOWN,146.85362449643563,117,True,travel permit number 72570,declaration number 72572,travel permit 72569,0.0,budget 440,146.85362449643563,st_step 72574_0,EMPLOYEE,,,,,declaration 72573,,,,UNKNOWN,,,,,,,,,,,,,,,,,,,,,,,,,,,,,,,,,,
travel permit 72569,Permit FINAL_APPROVED by SUPERVISOR,2017-03-31 15:22:00+02:00,STAFF MEMBER,,organizational unit 65455,UNKNOWN,UNKNOWN,declaration 72571,UNKNOWN,146.85362449643563,117,True,travel permit number 72570,declaration number 72572,travel permit 72569,0.0,budget 440,146.85362449643563,st_step 72575_0,SUPERVISOR,,,,,declaration 72573,,,,UNKNOWN,,,,,,,,,,,,,,,,,,,,,,,,,,,,,,,,,,
travel permit 72569,Start trip,2017-07-10 00:00:00+02:00,STAFF MEMBER,,organizational unit 65455,UNKNOWN,UNKNOWN,declaration 72571,UNKNOWN,146.85362449643563,117,True,travel permit number 72570,declaration number 72572,travel permit 72569,0.0,budget 440,146.85362449643563,rv_travel permit 72569_6,EMPLOYEE,,,,,declaration 72573,,,,UNKNOWN,,,,,,,,,,,,,,,,,,,,,,,,,,,,,,,,,,
travel permit 72569,End trip,2017-07-11 00:00:00+02:00,STAFF MEMBER,,organizational unit 65455,UNKNOWN,UNKNOWN,declaration 72571,UNKNOWN,146.85362449643563,117,True,travel permit number 72570,declaration number 72572,travel permit 72569,0.0,budget 440,146.85362449643563,rv_travel permit 72569_7,EMPLOYEE,,,,,declaration 72573,,,,UNKNOWN,,,,,,,,,,,,,,,,,,,,,,,,,,,,,,,,,,
travel permit 72569,Declaration SAVED by EMPLOYEE,2017-07-12 16:05:18+02:00,STAFF MEMBER,,organizational unit 65455,UNKNOWN,UNKNOWN,declaration 72571,UNKNOWN,146.85362449643563,117,True,travel permit number 72570,declaration number 72572,travel permit 72569,0.0,budget 440,146.85362449643563,st_step 72578_0,EMPLOYEE,,,,,declaration 72573,,,,UNKNOWN,,,,,,,,,,,,,,,,,,,,,,,,,,,,,,,,,,
travel permit 72569,Declaration SUBMITTED by EMPLOYEE,2017-07-12 16:09:12+02:00,STAFF MEMBER,,organizational unit 65455,UNKNOWN,UNKNOWN,declaration 72571,UNKNOWN,146.85362449643563,117,True,travel permit number 72570,declaration number 72572,travel permit 72569,0.0,budget 440,146.85362449643563,st_step 72577_0,EMPLOYEE,,,,,declaration 72573,,,,UNKNOWN,,,,,,,,,,,,,,,,,,,,,,,,,,,,,,,,,,
travel permit 72569,Declaration FINAL_APPROVED by SUPERVISOR,2017-07-12 16:17:29+02:00,STAFF MEMBER,,organizational unit 65455,UNKNOWN,UNKNOWN,declaration 72571,UNKNOWN,146.85362449643563,117,True,travel permit number 72570,declaration number 72572,travel permit 72569,0.0,budget 440,146.85362449643563,st_step 72576_0,SUPERVISOR,,,,,declaration 72573,,,,UNKNOWN,,,,,,,,,,,,,,,,,,,,,,,,,,,,,,,,,,
travel permit 72569,Request Payment,2017-07-13 09:35:16+02:00,SYSTEM,,organizational unit 65455,UNKNOWN,UNKNOWN,declaration 72571,UNKNOWN,146.85362449643563,117,True,travel permit number 72570,declaration number 72572,travel permit 72569,0.0,budget 440,146.85362449643563,fd_declaration 72571_17,UNDEFINED,,,,,declaration 72573,,,,UNKNOWN,,,,,,,,,,,,,,,,,,,,,,,,,,,,,,,,,,
travel permit 72569,Payment Handled,2017-07-17 17:31:08+02:00,SYSTEM,,organizational unit 65455,UNKNOWN,UNKNOWN,declaration 72571,UNKNOWN,146.85362449643563,117,True,travel permit number 72570,declaration number 72572,travel permit 72569,0.0,budget 440,146.85362449643563,fd_declaration 72571_18,UNDEFINED,,,,,declaration 72573,,,,UNKNOWN,,,,,,,,,,,,,,,,,,,,,,,,,,,,,,,,,,
travel permit 72569,END,2017-07-17 17:31:08.001000+02:00,artificial,complete,organizational unit 65455,UNKNOWN,UNKNOWN,declaration 72571,UNKNOWN,146.85362449643563,117,True,travel permit number 72570,declaration number 72572,travel permit 72569,0.0,budget 440,146.85362449643563,,,,,,,declaration 72573,,,,UNKNOWN,,,,,,,,,,,,,,,,,,,,,,,,,,,,,,,,,,
travel permit 75741,START,2017-03-31 16:42:20.999000+02:00,artificial,complete,organizational unit 65458,project 75743,task 427,declaration 75744,UNKNOWN,1305.876814565906,"1,443",False,travel permit number 75742,declaration number 75745,travel permit 75741,1497.0506999046092,budget 635,-51.58349163565936,,,,,,,,,,,,,,,,,,,,,,,,,,,,,,,,,,,,,,,,,,,,,
travel permit 75741,Permit SUBMITTED by EMPLOYEE,2017-03-31 16:42:20.999000+02:00,STAFF MEMBER,,organizational unit 65458,project 75743,task 427,declaration 75744,UNKNOWN,1305.876814565906,"1,443",False,travel permit number 75742,declaration number 75745,travel permit 75741,1497.0506999046092,budget 635,-51.58349163565936,st_step 75750_0,EMPLOYEE,,,,,,,,,,,,,,,,,,,,,,,,,,,,,,,,,,,,,,,,,,,
travel permit 75741,Permit REJECTED by SUPERVISOR,2017-03-31 16:42:25+02:00,STAFF MEMBER,,organizational unit 65458,project 75743,task 427,declaration 75744,UNKNOWN,1305.876814565906,"1,443",False,travel permit number 75742,declaration number 75745,travel permit 75741,1497.0506999046092,budget 635,-51.58349163565936,st_step 75748_0,SUPERVISOR,,,,,,,,,,,,,,,,,,,,,,,,,,,,,,,,,,,,,,,,,,,
travel permit 75741,Permit REJECTED by EMPLOYEE,2017-04-04 20:16:10+02:00,STAFF MEMBER,,organizational unit 65458,project 75743,task 427,declaration 75744,UNKNOWN,1305.876814565906,"1,443",False,travel permit number 75742,declaration number 75745,travel permit 75741,1497.0506999046092,budget 635,-51.58349163565936,st_step 75749_0,EMPLOYEE,,,,,,,,,,,,,,,,,,,,,,,,,,,,,,,,,,,,,,,,,,,
travel permit 75741,Permit SUBMITTED by EMPLOYEE,2017-04-05 13:49:09+02:00,STAFF MEMBER,,organizational unit 65458,project 75743,task 427,declaration 75744,UNKNOWN,1305.876814565906,"1,443",False,travel permit number 75742,declaration number 75745,travel permit 75741,1497.0506999046092,budget 635,-51.58349163565936,st_step 75747_0,EMPLOYEE,,,,,,,,,,,,,,,,,,,,,,,,,,,,,,,,,,,,,,,,,,,
travel permit 75741,Permit FINAL_APPROVED by SUPERVISOR,2017-04-05 13:49:13+02:00,STAFF MEMBER,,organizational unit 65458,project 75743,task 427,declaration 75744,UNKNOWN,1305.876814565906,"1,443",False,travel permit number 75742,declaration number 75745,travel permit 75741,1497.0506999046092,budget 635,-51.58349163565936,st_step 75746_0,SUPERVISOR,,,,,,,,,,,,,,,,,,,,,,,,,,,,,,,,,,,,,,,,,,,
travel permit 75741,Start trip,2017-04-30 00:00:00+02:00,STAFF MEMBER,,organizational unit 65458,project 75743,task 427,declaration 75744,UNKNOWN,1305.876814565906,"1,443",False,travel permit number 75742,declaration number 75745,travel permit 75741,1497.0506999046092,budget 635,-51.58349163565936,rv_travel permit 75741_6,EMPLOYEE,,,,,,,,,,,,,,,,,,,,,,,,,,,,,,,,,,,,,,,,,,,
travel permit 75741,End trip,2017-05-04 00:00:00+02:00,STAFF MEMBER,,organizational unit 65458,project 75743,task 427,declaration 75744,UNKNOWN,1305.876814565906,"1,443",False,travel permit number 75742,declaration number 75745,travel permit 75741,1497.0506999046092,budget 635,-51.58349163565936,rv_travel permit 75741_7,EMPLOYEE,,,,,,,,,,,,,,,,,,,,,,,,,,,,,,,,,,,,,,,,,,,
travel permit 75741,Declaration SUBMITTED by EMPLOYEE,2017-05-12 17:38:02+02:00,STAFF MEMBER,,organizational unit 65458,project 75743,task 427,declaration 75744,UNKNOWN,1305.876814565906,"1,443",False,travel permit number 75742,declaration number 75745,travel permit 75741,1497.0506999046092,budget 635,-51.58349163565936,st_step 75752_0,EMPLOYEE,,,,,,,,,,,,,,,,,,,,,,,,,,,,,,,,,,,,,,,,,,,
